2975 4942
602 207 645 283 ἀ.
659 206 798 275 uouit-u
814 228 929 275 rancor
953 296 958 303 ,

270 438 406 503 luiernis
418 453 522 521 neque
534 432 620 498 enim
633 428 774 497 tenebris
787 423 890 495 Diana
903 426 1052 511 pudicum

313 535 444 623 Liberat
458 532 685 620 Hippolytum:

272 636 344 703 Nec
357 635 499 701 Lethaea
511 632 596 699 valet
610 632 756 698 Theseus
770 630 959 713 abrumpere
973 645 1050 690 caro

315 734 452 801 Vincula
465 734 613 801 Pirithoo.
676 757 680 769 ⁸

622 979 764 1047 Cranen
787 976 880 1045 Vlll.

549 1151 613 1218 nn
635 1093 949 1216 onnsomuuu.

358 1322 523 1391 Donarem
535 1332 662 1409 pateras
673 1331 825 1409 grataque
841 1314 1035 1389 commodus,

361 1424 544 1501 Censorino,
558 1424 637 1489 meis
650 1444 724 1489 aera
738 1420 894 1486 sodalibus
910 1445 918 1496 ;

361 1524 523 1591 Donarem
536 1524 684 1611 tripodas,
697 1522 839 1609 praemia
849 1520 980 1587 sortium

358 1624 526 1691 Graiorum
539 1648 547 1688 :
569 1642 673 1709 neque
686 1634 721 1689 tu
733 1620 871 1708 pessima
884 1640 1049 1686 munemni

360 1722 484 1802 Ferrea,
497 1725 593 1791 divite
607 1737 660 1790 ne
674 1722 794 1789 nilion
807 1722 930 1799 artium,

360 1825 449 1904 Quas
463 1839 517 1893 aut
531 1824 715 1893 Parrhasius
729 1824 866 1912 protulit,
879 1834 934 1889 aut
948 1824 1079 1907 Scopas,

359 1926 425 1991 Hic
439 1948 525 2004 saxo,
538 1927 662 2012 liquidis
675 1925 727 1992 ille
741 1924 899 1991 coloribus

362 2025 481 2093 Sollers
496 2050 581 2094 nunc
594 2028 754 2093 hominem
768 2046 897 2113 ponere,
910 2046 996 2091 nunc
1008 2026 1113 2096 deum.
1132 2050 1134 2055 ’

360 2127 428 2193 Sed
441 2148 505 2194 non
517 2129 598 2194 haec
610 2128 686 2195 mihi
700 2129 766 2193 vis:
790 2148 852 2193 nec
864 2127 921 2193 tibi
933 2126 1042 2192 talium

361 2227 428 2294 Res
441 2238 490 2293 est
503 2240 557 2295 aut
570 2230 692 2296 animus
705 2230 888 2297 deliciarum
902 2244 1008 2317 egens.

356 2328 488 2394 Gaudes
501 2331 714 2408 carminibus3
736 2331 877 2397 carmina
889 2348 1054 2415 possumus

357 2428 496 2507 Donate,
510 2442 543 2495 et
556 2432 691 2517 pretium
704 2431 812 2499 dicere
827 2430 958 2496 muneri.

361 2530 435 2597 Non
449 2531 547 2597 incisa
556 2532 640 2597 notis
651 2554 811 2599 mannora
824 2532 964 2618 publicis,

357 2632 420 2698 Per
433 2655 515 2718 quae
530 2634 654 2720 spiritus
667 2645 700 2699 et
713 2636 778 2701 vita
791 2634 873 2700 redit
886 2633 977 2697 bonis

360 2732 437 2799 Post
450 2748 586 2801 mortem
600 2736 750 2813 ducibus;
771 2756 835 2801 non
849 2734 971 2799 celeres
983 2733 1087 2820 fugae,

357 2833 572 2923 Rejectaeque
586 2847 758 2902 retrorsum
772 2834 959 2901 Hannibalis
973 2834 1087 2908 minae,

355 2936 447 3023 [Non
462 2938 617 3023 stipendia
630 2938 831 3024 Carthaginis
845 2937 986 3024 impiae]

355 3038 445 3126 Ejus,
459 3039 512 3122 qui
525 3041 646 3117 domita
659 3060 776 3103 nomen
791 3039 831 3103 ab
842 3037 956 3119 Africa
1026 3118 1032 3131 ἱ

357 3138 514 3204 Lucratus
528 3140 630 3216 rediit,
645 3140 758 3204 alarius
772 3138 910 3204 indicant

356 3238 492 3317 Laudes,
507 3261 601 3325 quam
616 3240 770 3305 Calabrae
785 3238 944 3305 Pierides:
966 3260 1077 3325 neque,

569 3502 715 3553 vnulous
730 3500 920 3553 niahomon.

685 3647 739 3697 Ona
748 3650 769 3696 8.

129 3771 149 3813 1.
165 3768 268 3817 Semnoi
279 3768 421 3814 Lambinus's
435 3764 503 3812 MSS.
520 3766 551 3811 all
561 3765 661 3814 monol
672 3764 729 3814 Tor·
758 3768 943 3829 “suasionem
953 3766 1087 3830 thegronsd
1102 3767 1129 3814 ni
1139 3769 1168 3815 ita
1185 3766 1339 3827 connisiage
1357 3766 1397 3813 di·

101 3830 193 3879 rentius.
201 3828 247 3876 end
253 3845 268 3873 a
279 3827 321 3873 lew
330 3828 406 3873 others
414 3824 465 3887 give
475 3826 603 3873 commin.
759 3836 808 3874 rect
817 3826 862 3873 and
876 3827 983 3933 ffilpable
991 3842 1053 3875 error
1062 3828 1085 3873 in
1094 3826 1209 3886 awribing
1217 3827 1254 3872 tho
1263 3828 1395 3874 merthrow

130 3887 152 3933 4.
168 3884 432 3934 'l'helilllanedirhsnot‘
443 3882 664 3933 titillarentur&
760 3887 787 3933 oi
797 3887 874 3934 Hanni
907 3884 975 3935 land
992 3888 1029 3932 the
1049 3885 1186 3935 destruction
1200 3887 1226 3932 oi
1244 3886 1398 3947 Carthageto

133 3948 153 3991 8.
170 3946 231 3993 Four
244 3947 271 3993 oi
282 3945 381 3991 Velart'e
390 3942 458 3990 MSS.
469 3942 520 4004 gire
526 3943 626 4007 pingere
635 3946 657 3992 in
667 3946 732 4007 place
761 3960 804 3992 ons
814 3946 858 4016 and
871 3946 979 4029 tha'enma
989 3946 1075 4006 Scipio.
1104 3950 1120 3975 ‘⁸
1129 3944 1248 4016 Horrihilis
1257 3958 1312 3990 sana
1321 3944 1396 4013 hallu

99 4006 235 4110 &gom
245 4062 289 4109 lew
297 4060 394 4108 editions
404 4061 462 4108 hare
470 4074 519 4107 non
528 4061 562 4109 i'or
570 4074 619 4108 nec.
760 4005 1036 4112 irindlliimeli’oiniubezdidd
1042 4004 1402 4131 riieidiioepldbcendaideieqjidtirilii'

131 4126 167 4169 ta
182 4122 321 4175 Torrentius,
345 4120 449 4184 Bentley,
475 4120 538 4177 Jani,
571 4122 656 4177 Zeane,
685 4122 732 4170 ead
761 4124 889 4183 Cuningam
907 4122 974 4171 reads
992 4122 1107 4181 impendia
1124 4120 1398 4181 annuntiamus&

100 4180 319 4232 Wakefieldarein
328 4179 441 4226 favouroi
451 4180 544 4226 muneri
553 4196 579 4227 as
589 4194 624 4227 ue
634 4182 691 4227 have
716 4184 732 4219 ”-
762 4182 809 4229 Fea
820 4183 902 4229 retains
912 4185 949 4230 the
957 4194 1059 4228 common
1071 4180 1133 4229 madi
1176 4180 1309 4241 andmaics
1318 4178 1400 4227 incen-

101 4256 145 4289 ren
169 4242 193 4288 it.
222 4240 289 4287 Some
314 4238 391 4295 MSS,
415 4240 528 4296 however,
543 4242 601 4286 have
620 4254 733 4298 memmae,
762 4240 877 4298 dernier,
894 4240 1012 4289 nottothe
1030 4238 1156 4289 linalovert
1175 4256 1221 4289 που
1234 4240 1398 4298 oicarthage,

101 4301 175 4347 which
190 4296 320 4360 inadopted
339 4300 362 4344 in
371 4301 410 4345 the
419 4299 492 4345 Milan
501 4298 585 4346 edition
595 4301 622 4347 or'
634 4301 698 4357 147⁶,
708 4300 732 4347 ln
762 4302 802 4347 but
821 4310 844 4348 to
853 4302 892 4347 the
908 4300 1017 4349 masters
1033 4300 1132 4348 indicted
1185 4302 1223 4349 the
1238 4298 1302 4346 elder
1318 4300 1398 4361 Scipio

101 4361 186 4406 thatoi
195 4358 355 4414 Venioeldhss,
366 4358 505 4419 endalsoby
517 4361 647 4414 decennius,
658 4359 731 4415 Bond,
761 4374 791 4405 on
803 4360 841 4407 the
858 4360 1022 4421 carnaghnn
1031 4374 1115 4421 power.
1177 4376 1193 4409 a
1203 4374 1241 4408 ere
1259 4358 1360 4404 inclined
1372 4366 1399 4405 to

19 4439 20 4460 r
102 4418 220 4475 Heinsius,
242 4417 298 4474 Fen,
323 4416 369 4463 eud
394 4417 472 4464 Bothe.
503 4417 549 4463 nid.
579 4419 731 4480 Explaaatory
762 4420 825 4466 think
846 4422 900 4465 with
915 4420 1011 4478 Bentley
1028 4422 1080 4467 thet
1096 4421 1187 4468 thelim
1199 4420 1220 4468 is
1228 4414 1398 4479 mmm-nd

103 4484 174 4524 notes
762 4478 935 4526 heverhereiore
944 4479 1053 4527 enclosed
1060 4480 1079 4526 it
1086 4480 1164 4527 within
1172 4478 1282 4532 buchen,
1291 4476 1396 4537 meing,

131 4537 167 4584 17.
183 4534 235 4581 'l'he
247 4549 348 4583 column
358 4533 454 4595 reading
463 4536 481 4582 is
490 4534 552 4581 Non
559 4535 666 4582 incer&
676 4535 732 4581 σαν·
762 4536 874 4595 however,
885 4538 922 4584 the
932 4538 1051 4585 alteration
1060 4537 1233 4587 recommended
1241 4538 1271 4597 by
1279 4536 1373 4596 During.

102 4595 207 4655 riaginis
223 4593 314 4651 inrpine,
324 4592 419 4652 Bentley
428 4592 550 4641 condemns
559 4595 597 4641 the
605 4596 678 4642 whole
687 4595 733 4641 line
