2975 4942
107 320 174 388 :m
593 341 623 390 a.
640 319 774 382 nostrii
790 337 915 381 rancor

199 555 203 564 .
234 503 289 582 Ut,
304 525 384 590 quae
398 504 572 569 conductae
585 501 708 588 plorant
721 504 754 568 in
766 503 885 576 sunere,
899 499 1013 562 dicunt·

237 603 281 670 Et
295 604 412 670 faciunt
426 623 525 691 prope
538 603 628 687 plura
640 601 818 668 dolentibus
831 621 873 665 ex
886 601 1012 676 animoa
1033 601 1090 665 sic‘

239 703 371 771 Derisor
384 725 461 770 vero
474 702 544 790 plus
559 703 719 768 laudatore
734 712 887 768 movetur.

238 803 345 890 Reges
358 805 504 870 dicuntur
518 802 622 867 multis
634 823 768 888 urguere
782 801 911 879 culullis,

239 903 283 968 Et
297 913 443 988 torquere
457 924 556 979 mem,
570 923 665 986 quem
679 902 875 987 perspexisse
889 902 1052 978 laborant,¹

238 1005 292 1070 An
307 1005 347 1068 sit
360 1005 494 1070 amicitia
505 1005 636 1089 dignus:
658 1003 839 1068 sistamini
852 1005 980 1080 condes,
1030 1036 1078 1060 vt«

238 1105 408 1190 Nunquam
422 1117 455 1170 te
469 1105 582 1170 fallant
590 1104 686 1169 animi
701 1103 760 1168 sub
772 1103 866 1189 vulpe
880 1103 1020 1169 latentes.

240 1205 391 1289 Quintilio
404 1207 429 1270 si
443 1206 518 1290 quid
532 1205 689 1281 recitares,
704 1203 832 1289 &erige
844 1204 931 1269 sodes

240 1305 318 1384 Hoc,
332 1307 443 1384 aiebat,
458 1319 485 1370 ot
499 1309 563 1372 lior.
608 1305 723 1371 Melius
736 1315 769 1369 te
782 1327 875 1390 posse
888 1296 1042 1392 negares,-

239 1403 294 1472 Bis
307 1417 418 1491 terque
432 1417 596 1492 expertum
610 1406 734 1481 frustra,
747 1405 854 1471 delere
863 1406 1004 1492 jubebat,

239 1506 283 1572 Et
297 1507 378 1572 niale
393 1507 649 1572 tornatosincudi
663 1509 798 1572 reddere
811 1527 930 1572 versus.

241 1607 277 1672 si
290 1606 461 1672 defendere
475 1606 633 1683 delictum,
647 1628 742 1690 quani
757 1616 892 1683 vertere,
905 1607 1023 1684 malles,

241 1707 370 1774 Nullum
384 1708 464 1772 ultra
477 1707 610 1772 verbum
624 1719 678 1772 aut
692 1727 823 1792 operam
837 1708 1015 1773 insumebat
1028 1709 1174 1787 inanem,

242 1807 329 1885 Quin
343 1808 409 1873 sine
423 1807 511 1874 rivali
525 1819 618 1893 teque
632 1819 665 1873 et
678 1819 732 1872 tua
746 1807 830 1872 solus
843 1829 974 1874 amares.

241 1909 302 1974 Vir
314 1909 416 1974 bonus
428 1920 463 1974 et
474 1909 611 1996 pnidens
625 1930 733 1975 versus
746 1909 960 1994 reprehendet
968 1911 1093 1988 inertes,

242 2009 392 2095 Culpabit
404 2013 508 2087 duros,
523 2011 668 2076 iueomtis
681 2009 788 2075 allinet
801 2021 904 2076 anum

243 2111 440 2177 Transverso
456 2112 579 2178 calamo
593 2113 723 2197 signum,
738 2113 902 2176 ambitiosa
915 2113 1037 2180 recidet

241 2212 448 2288 ornamenta,
462 2233 574 2296 panim
586 2211 677 2276 cleiis
691 2212 795 2277 lucem
808 2215 885 2278 dare
901 2224 1004 2300 coget,

241 2312 365 2397 A1guet
378 2310 522 2396 ambigue
536 2313 665 2386 dictum,
679 2315 829 2378 mutanda
842 2313 964 2378 notabit
975 2341 991 2391 3·

242 2409 313 2478 Fiet
326 2410 524 2476 Aristarchus
537 2437 552 2486 3,
566 2433 631 2476 tion
644 2412 749 2488 dicet3
771 2411 836 2476 Cur
851 2437 906 2499 ego
919 2417 1050 2480 cimicum

249 2509 414 2598 Offendom
426 2512 461 2574 in
473 2513 591 2596 nugis?
613 2511 684 2576 Hae
699 2535 800 2599 nugae
815 2515 895 2579 seria
909 2518 1026 2581 ducent

244 2611 284 2678 ln
297 2610 381 2675 mala
393 2611 531 2680 derisum
542 2611 640 2676 semel
654 2602 883 2698 exceptusque
898 2615 1029 2681 sinistre.

245 2710 293 2776 Ut
308 2710 391 2777 mala
404 2732 498 2794 quein
513 2711 633 2777 scabies
648 2723 701 2776 aut
714 2715 842 2778 morbus
855 2717 958 2800 regius
971 2727 1092 2803 urguet,

244 2810 311 2875 Aut
325 2809 475 2876 fanaticus
489 2830 586 2889 error,
599 2824 632 2877 et
645 2814 796 2879 iracunda
810 2813 922 2892 Diana,

244 2910 408 2976 Vesorum
422 2911 683 2997 tetigissetiuieni
695 2913 877 3000 fugiuntque
890 2922 1025 3000 poetam,

246 3009 310 3088 Qui
325 3011 466 3096 sapiunt3
487 3012 604 3098 agitent
618 3015 716 3097 pueri,
729 3016 905 3100 incautique
920 3028 1108 3101 sequuntur,

246 3109 312 3176 Hic
325 3113 402 3176 dum
415 3111 552 3178 sublimis
564 3133 673 3178 versus
687 3126 837 3194 ructatur,
850 3127 883 3181 et
896 3128 990 3193 errat,

248 3209 284 3272 Si
297 3209 391 3275 veluti
405 3210 531 3276 merulis
544 3213 679 3278 intentus
693 3213 810 3282 decidit
824 3238 940 3302 auceps

601 3460 748 3513 vinicus
764 3463 948 3514 READlNGS.

149 3602 199 3648 tei.
215 3599 267 3650 Tbe
276 3616 378 3650 contiuon
385 3605 478 3651 teuthas
488 3605 529 3664 qni
537 3603 651 3651 conducti.
668 3607 744 3654 Mark·
774 3611 804 3655 tis
820 3609 908 3656 laudavi
924 3628 968 3658 non
986 3612 1147 3675 conjecturam,
1164 3615 1204 3662 sed
1220 3617 1408 3667 emendationem

120 3661 744 3733 laudsuggertsqueecotiditctoe,whichpboughiuop·
775 3678 836 3714 tuani
846 3670 992 3718 certissimam
1008 3674 1031 3716 in
1046 3673 1096 3720 loco
1110 3675 1198 3722 Horatii
1212 3691 1244 3721 ex
1259 3677 1330 3734 Arte,
1358 3694 1408 3725 uam

120 3721 215 3781 position
234 3729 256 3767 io
273 3721 310 3766 tbe
327 3719 395 3767 MSS.
405 3721 450 3792 apd
469 3723 532 3782 early
551 3723 655 3780 editions,
666 3727 685 3771 is
705 3742 744 3772 un-
774 3728 892 3788 prodidisti
901 3730 925 3774 in
940 3730 1036 3778 notisad
1050 3733 1221 3780 Callimachum.
1252 3734 1315 3781 uam
1330 3695 1409 3798 qqutvi·

120 3777 244 3840 doubtedly
254 3780 291 3826 tha
307 3787 355 3826 true
365 3781 464 3850 reading.
495 3781 546 3829 The
556 3789 609 3845 poet
623 3784 709 3832 alludes
719 3793 747 3852 'to
775 3786 1409 3864 detetuouprobat,isinhisliteriscaecicrestqnavii

120 3841 158 3886 the
180 3837 310 3899 Proesieee,
327 3853 353 3884 or
371 3839 437 3887 hired
461 3841 671 3889 lemalemourners.
701 3841 744 3888 oid.
776 3847 844 3905 talpa.
875 3845 1005 3901 Quidenim
1014 3851 1260 3899 toruocuinincude?”
1287 3853 1411 3902 Tbecoui-

120 3898 155 3944 Ex
173 3897 273 3957 lanatory
284 3904 352 3942 notes.
775 3919 826 3950 mon
838 3905 940 3965 reading,
957 3910 1069 3965 however,
1086 3911 1127 3956 bas
1143 3912 1211 3958 louud
1230 3927 1302 3973 many
1313 3913 1410 3961 learned

195 3988 200 3998 .
217 3955 339 4002 Markland
349 3965 452 4017 suggests
462 3959 498 4004 the
509 3959 622 4022 following
639 3968 745 4024 punctus·
775 3963 821 4008 and
837 3965 889 4010 able
903 3965 1030 4021 advocates,
1047 3984 1130 4030 among
1145 3971 1221 4016 whom
1236 3986 1292 4030 may
1311 3974 1343 4020 bo
1361 3988 1411 4020 euu·

121 4016 175 4071 tlon,
184 4014 259 4061 which
269 4015 398 4062 Wakefield
405 4015 497 4078 adopts:
776 4022 877 4069 meraied
897 4025 989 4086 Teplor,
1005 4028 1117 4083 Chishull,
1132 4030 1214 4076 Clarke
1228 4037 1269 4083 (oia
1288 4030 1375 4088 Omns,
1389 4047 1413 4090 p-

185 4131 189 4142 .
216 4109 220 4116 .
777 4084 822 4127 130
832 4087 840 4134 )
849 4082 990 4136 Bruncltlad
1000 4085 1049 4132 Ati.
1061 4089 1204 4148 Gnfflepns
1222 4087 1264 4142 (ad
1278 4090 1363 4136 Pasa.
1378 4092 1412 4137 Ob

156 4131 202 4180 Bis
212 4133 436 4192 impoerpirtumr
444 4134 562 4193 fnestra:
576 4136 652 4194 delere,
664 4141 709 4186 dac.
778 4142 798 4187 6.
811 4141 872 4193 llo.)
891 4141 1008 4189 Eichstadt
1030 4145 1080 4193 (Fr.
1100 4147 1177 4203 Aetio,
1193 4164 1215 4208 p.
1235 4148 1299 4209 iit.)
1321 4151 1413 4196 &mer

408 4253 413 4263 .
778 4201 888 4248 audFea.
920 4201 964 4248 oid.
979 4204 1212 4266 Explanaiorynotes

149 4251 201 4300 ddi.
217 4248 264 4295 We
280 4249 338 4295 have
358 4251 459 4298 retained
476 4254 513 4300 the
532 4269 635 4304 counuon
654 4255 748 4318 reading
805 4259 858 4305 tte.
873 4261 1002 4322 Cuniugain
1016 4263 1119 4311 readson
1137 4265 1267 4334 conjectore
1284 4265 1415 4313 mistim

24 4313 25 4320 ¹
121 4309 749 4376 mator,lorwbi'ebBenileygivesonconjecturetsi·
777 4319 848 4371 serbi,
867 4323 910 4366 ont
925 4334 1006 4378 operm
1026 4324 1155 4370 immori
1171 4337 1258 4370 inmas.
1292 4325 1416 4374 Thereis

120 4375 198 4424 notor,
207 4365 254 4412 and
262 4366 522 4436 onningambformatos.
548 4373 628 4420 Bentle
644 4375 663 4422 's
672 4391 747 4422 einen·
777 4377 931 4425 considerable
940 4379 1049 4440 eleganes
1058 4384 1081 4428 in
1091 4381 1294 4431 thisemeudatiou.

121 4428 198 4474 detion
213 4425 261 4471 first
268 4423 414 4494 appeninum
428 4428 464 4498 hio
479 4437 543 4476 notes
558 4439 582 4478 to
596 4389 749 4480 Cailirnacltus
806 4440 857 4484 450.
873 4438 923 4485 'l'he
933 4450 1036 4488 common
1045 4449 1093 4488 text
1109 4443 1149 4488 has
1157 4454 1199 4488 itte
1208 4440 1278 4499 dicet,
1288 4443 1326 4491 l'or
1334 4443 1415 4490 which

121 4485 209 4587 ἔπειμι.
218 4484 265 4540 tc.)
275 4480 323 4528 and
331 4483 433 4530 received
443 4487 495 4547 high
502 4491 682 4538 commendation
692 4493 750 4539 hcm
778 4511 813 4542 vva
822 4497 879 4544 bave
894 4498 1027 4546 substituted
1040 4501 1094 4547 ivitli
1106 4499 1203 4609 Bentlep
1211 4500 1349 4550 andotbers
1364 4515 1416 4546 non

146 4543 241 4599 raevius,
260 4541 319 4596 vilio,
335 4541 358 4586 iu
374 4543 463 4612 aletter
478 4552 501 4590 io
517 4549 555 4593 ihs
569 4549 664 4608 English
678 4552 749 4608 critic,
779 4553 930 4617 dicet‚oothe
938 4559 1049 4620 authority
1057 4559 1084 4607 ol
1094 4575 1184 4620 manyo
1206 4559 1245 4608 the
1254 4560 1335 4610 oldest
1342 4559 1414 4609 MSS.

123 4600 242 4655 observem
256 4604 273 4630 ‘⁶
283 4597 375 4646 Dudum
384 4613 473 4661 saepius
488 4603 567 4656 harum
576 4622 651 4656 rerum
661 4610 750 4671 irnperi-
