2975 4942
576 368 608 415 Qu
623 361 760 411 bussuli
776 365 893 411 mcci

164 566 172 588 .
256 508 292 574 Si
304 510 389 595 quod
403 512 443 577 sit
455 510 574 589 vidum,
587 531 651 577 non
664 512 822 579 fastidire:
845 510 1025 577 strabonem

254 608 404 695 Appellat
417 608 549 677 Paetum
562 622 674 697 pater3
694 622 728 677 et
741 612 874 688 Pullum,
889 610 970 675 male
985 628 1101 695 paruus

256 710 293 775 Si
306 712 357 777 cui
369 711 449 779 filius
461 723 520 789 est,
532 724 567 779 ut
580 712 742 778 abortivus
755 714 813 777 fuit
827 713 901 779 olim
1127 732 1133 751 ¹

256 809 430 897 Sisyphus:
451 812 535 879 bunc
548 812 680 890 Vanam,
693 813 831 879 duania
845 811 987 877 enrribau
998 808 1115 886 iillum

254 908 393 978 Balbutit
407 914 572 989 Scaumm,
585 914 690 998 pravis
703 912 815 979 fultum
829 912 910 977 male
924 910 1003 976 talis.
1087 926 1092 943 ⁸
1197 946 1198 955 .

257 1006 386 1075 Parcius
399 1011 449 1077 hic
462 1012 539 1077 vivit
552 1012 566 1075 l
588 1012 670 1099 frugi
682 1012 814 1079 dicatur.
858 1012 988 1097 lneptus

255 1110 298 1175 Et
307 1112 476 1198 jactantior
489 1114 541 1179 bic
554 1113 648 1201 paulo
660 1113 733 1179 esti
756 1113 926 1179 concinnus
941 1111 1050 1177 amicis

256 1209 396 1277 Postulat
410 1224 445 1277 ut
457 1213 609 1280 videatur.
652 1213 698 1279 At
710 1223 759 1279 est
773 1212 976 1284 tnrculentior
989 1222 1084 1297 atque

257 1309 331 1377 Plus
345 1334 447 1399 aequo
460 1313 561 1379 libert
583 1313 717 1399 simplex
730 1314 881 1399 fortiaque
895 1310 1059 1377 habeatur.

259 1410 473 1479 Caldiorestl
495 1434 586 1479 acres
599 1413 682 1478 inter
694 1423 885 1478 numeretur.
929 1412 1061 1498 opinor,

258 1510 352 1583 Haec
364 1533 416 1578 res
429 1523 463 1577 et
472 1513 584 1600 J'ungit,
592 1513 718 1599 junctos
731 1524 764 1577 et
779 1523 883 1578 servat
898 1513 1025 1577 amicos.

299 1612 345 1677 At
356 1633 416 1677 nos
429 1613 559 1679 vinutes
571 1613 656 1699 ipsas
669 1611 853 1679 invenimus
868 1623 963 1702 atque

257 1710 426 1778 sincerum
439 1713 581 1799 cupimus
593 1734 651 1777 vas
665 1712 849 1779 incrustare.
891 1712 1013 1778 Probus
1026 1714 1094 1796 quis

256 1811 431 1877 Nobiscum
444 1812 544 1878 vivit?
566 1814 699 1879 multum
711 1823 762 1878 est
776 1812 930 1879 demissus
944 1812 1062 1878 homol
1085 1811 1134 1878 Illi

257 1909 367 1977 Tardo
381 1933 558 1999 cognomen
571 1912 677 2000 pingui
689 1923 724 1979 et
736 1914 858 1979 damus.
902 1912 966 1977 Hic
980 1912 1058 1999 sugit
1072 1933 1182 1979 omnes

256 2010 398 2089 Insidias,
410 2012 547 2098 nullique
561 2013 645 2078 malo
658 2012 740 2085 latus
753 2012 841 2079 obdit
856 2013 1023 2099 apertum?
1064 2080 1066 2084 ,

259 2111 382 2192 (Quum
395 2134 498 2200 genus
510 2113 571 2178 hoo
583 2114 666 2179 inter
678 2114 761 2180 vitae
770 2132 947 2191 versemur,
961 2113 1014 2179 ubi
1028 2114 1111 2179 acris

257 2212 380 2279 Invidia
392 2224 486 2299 atque
500 2212 607 2298 vigent
620 2213 674 2279 ubi
688 2213 820 2280 crimina
829 2215 852 2297 r)
874 2234 932 2299 pro
946 2214 1028 2279 bene
1042 2235 1119 2279 sanc

256 2315 308 2380 Ae
322 2334 386 2378 non
401 2312 528 2377 incauto
541 2314 649 2378 lictum
662 2323 861 2397 astutumque
874 2334 1033 2379 vocamus.

258 2413 439 2499 Simplicior
452 2414 532 2498 quis,
545 2424 579 2477 et
593 2424 651 2490 est,
664 2412 791 2498 qualern
805 2434 856 2479 me
871 2434 966 2499 saepe
981 2413 1114 2479 libenter

259 2514 437 2583 Obtulerim
451 2514 518 2591 tibi,
532 2514 715 2591 Maecenas,
729 2526 763 2579 ut
778 2514 858 2581 forte
873 2514 1030 2601 legentem

257 2615 323 2680 Aut
335 2615 466 2680 tacitum
479 2614 618 2701 impellat
632 2614 742 2700 quovis
757 2635 906 2681 sermone
922 2615 1071 2681 molestus
1083 2616 1096 2679 l

260 2716 430 2782 Communi
444 2737 538 2783 seusu
551 2716 645 2803 plane
659 2725 759 2794 caret,
771 2715 936 2800 inquimus.
979 2716 1079 2794 Eheu,

259 2819 365 2899 Quam
379 2830 499 2883 temere
513 2818 546 2884 in
559 2828 683 2883 nosmet
698 2816 802 2903 legem
816 2817 972 2883 sancimus
986 2818 1123 2905 iniquam
1136 2818 1143 2879 l
1188 2858 1190 2865 -

163 2953 165 2956 ·
258 2920 343 2989 Nam
356 2919 438 2983 vitiis
452 2940 547 2984 nemo
561 2918 627 2983 sine
642 2919 798 2983 nascitur:
819 2918 954 3004 optimus
969 2917 1019 2983 ille
1034 2928 1091 2995 est,

261 3020 325 3097 Qui
338 3013 475 3084 minimis
487 3028 646 3104 urguetur.
689 3018 822 3083 Amicus
837 3017 947 3096 dulcis,
959 3028 994 3083 ut
1008 3038 1143 3102 aequum
1157 3027 1215 3093 est,

261 3120 369 3200 Quum
383 3140 456 3185 mea
469 3129 654 3204 compenset
666 3118 749 3183 vitiis
763 3119 855 3196 bona,
867 3118 1007 3205 pluribus
1020 3118 1115 3195 bisce,

260 3220 296 3284 Si
310 3220 406 3285 modo
420 3218 510 3303 plura
524 3219 600 3283 mibi
614 3219 699 3284 bona
714 3230 795 3295 murt,
809 3218 947 3285 inclinet.
990 3219 1102 3297 Amani

260 3320 296 3383 Si
309 3319 395 3385 volet
407 3317 469 3383 hac
482 3318 563 3405 lege,
576 3319 609 3384 in
622 3319 739 3383 trutina
752 3330 887 3403 ponetur
900 3321 1022 3387 eadem.

260 3419 334 3497 Qui,
347 3441 388 3485 ne
402 3419 563 3484 tuberibus
576 3420 710 3506 prophis
724 3418 1025 3497 offendat‘amicum,

604 3684 755 3761 temous
770 3685 956 3737 nanninus.

152 3835 196 3882 ¹48.
211 3834 340 3895 Cuningsm
355 3828 401 3877 and
415 3827 522 3877 Sanadcn
536 3832 592 3876 read
609 3827 765 3890 ioliasultum
793 3844 845 3877 ven.
876 3828 938 3877 Most
946 3830 1043 3876 editions
1058 3829 1116 3875 have
1134 3826 1268 3885 Simplicior
1284 3830 1345 3887 quia
1359 3832 1380 3873 ai
1392 3828 1425 3877 eat,

132 3896 190 3939 mab
197 3893 286 3952 panta.
475 3941 477 3949 ⁴
795 3889 835 3934 but
853 3890 902 3936 that
921 3890 994 3935 which
1011 3901 1045 3935 we
1064 3888 1121 3933 bava
1140 3886 1185 3933 ado
1201 3884 1240 3932 ted
1257 3887 1278 3933 is
1297 3884 1424 3947 prelenbla.

161 3952 197 3997 51.
213 3949 335 3997 Markland
344 3947 597 4011 corrjecturespostulsi
614 4007 619 4017 ¹
766 3956 767 3963 ¹
792 3948 924 4004 Lambinus,
934 3949 990 3995 timu
1005 3962 1066 3995 some
1084 3947 1109 3993 oi
1121 3946 1155 3993 his
1173 3902 1333 4001 nissmds
1350 3944 1425 4006 quisti

162 4009 198 4055 54.
224 4010 300 4057 Faber
323 4008 369 4057 and
388 4008 516 4068 coniugam
534 4007 591 4053 bare
605 4010 695 4070 pangat
717 4004 763 4053 aud
792 4008 845 4053 cal?
860 4008 955 4067 qualem.
1229 4042 1231 4049 ,
1254 4006 1266 4031 ⁴
1411 4059 1415 4068 1

132 4071 215 4114 tervol-
823 4066 859 4112 65.
876 4065 927 4112 The
937 4080 1039 4112 common
1055 4062 1147 4123 reading
1158 4064 1176 4109 is
1195 4062 1309 4121 impellat,
1328 4062 1426 4109 whicbrs

163 4131 199 4173 ⁵7.
215 4126 309 4186 Bentley
318 4126 384 4173 omits
396 4129 437 4181 eat,
457 4123 502 4171 and
519 4126 541 4170 in
555 4125 600 4171 this
614 4123 708 4171 andare
726 4122 766 4170 iot·
796 4124 863 4171 found
874 4126 1002 4172 iniourteen
1010 4124 1036 4169 oi
1047 4124 1146 4169 Valart's
1156 4122 1223 4169 MSS.
1255 4122 1426 4182 Muretusgrm

130 4185 219 4245 lowiuss
240 4186 284 4231 line
300 4184 377 4240 reads,
394 4183 493 4229 multum
510 4183 619 4230 &miscus
638 4182 765 4229 homaillc:
796 4184 915 4242 impellam,
926 4184 1000 4231 which
1012 4180 1157 4228 l'alarafinds
1168 4183 1189 4226 ia
1205 4194 1268 4227 some
1282 4182 1312 4226 ol'
1323 4182 1360 4228 his
1368 4176 1425 4225 MSS.

135 4240 568 4302 Tardoaccogrmmenpinguidamua.
593 4241 768 4289 Othereditions
797 4244 919 4290 Lambinus
934 4242 979 4288 arrd
989 4242 1115 4300 Cuningam
1128 4242 1185 4285 have
1195 4238 1360 4297 adpellet,‘and
1371 4240 1426 4285 Bent-

131 4306 190 4351 lmve
198 4306 223 4351 in
232 4304 270 4349 the
280 4305 334 4352 idib
341 4302 387 4347 lina
398 4298 485 4358 Turdo,
498 4299 768 4361 cognommpingaida-
798 4304 832 4361 ley
842 4301 957 4360 impediat.
983 4300 1028 4345 We
1039 4300 1095 4345 have
1103 4298 1202 4345 retained
1210 4299 1248 4343 the
1256 4312 1366 4347 common
1374 4293 1426 4344 raud·

132 4376 190 4408 naus.
793 4362 832 4421 ing
851 4376 877 4406 as
901 4360 1034 4419 sufficiently
1053 4360 1193 4420 expressive.
1219 4356 1335 4422 although
1361 4360 1427 4404 herm

163 4424 199 4468 59.
214 4415 338 4466 hlarlland
348 4414 489 4477 conjectures
496 4417 547 4466 dolo
557 4418 662 4466 iormolo.
793 4418 870 4466 would
880 4434 949 4474 seem,
972 4419 1028 4465 irem
1046 4419 1082 4464 his
1100 4418 1208 4463 scholium
1224 4430 1254 4460 on
1265 4416 1311 4461 this
1330 4428 1427 4477 pange.

162 4481 199 4525 60.
216 4478 268 4524 The
289 4489 393 4523 common
408 4474 504 4535 reading
528 4480 546 4523 is
560 4482 673 4533 versetur,
691 4475 772 4521 which
794 4486 817 4523 to
832 4480 889 4525 hare
908 4476 1006 4540 adopted
1023 4476 1118 4536 adpelle!
1149 4477 1236 4521 revious
1256 4483 1280 4521 ta
1299 4476 1427 4521 Lambinu-

134 4536 229 4596 Bentley
238 4536 308 4582 alters
317 4541 339 4577 to
346 4544 499 4601 versemus-pn
508 4535 546 4582 the
553 4537 663 4595 authority
670 4533 697 4581 oi
706 4549 766 4581 are·
795 4540 891 4584 Acron’s
899 4537 1042 4599 explanation
1054 4540 1081 4593 ia,
1094 4541 1109 4565 “
1134 4540 1141 4582 i
1150 4536 1200 4593 quis
1210 4533 1281 4580 libere
1290 4542 1318 4580 et
1338 4546 1388 4591 aine
1398 4532 1427 4577 ab

133 4589 764 4707 {lineam-hintueatnitu‘rnfic
794 4594 1222 4703 insiliam..hictum

166 4712 202 4759 6³.
216 4710 269 4757 The
275 4706 425 4777 punctuation
433 4705 459 4751 oi
469 4706 515 4753 this
523 4708 568 4755 line
584 4712 603 4757 ia
612 4712 724 4773 variously
734 4714 768 4772 'gi-
842 4738 843 4741 =
904 4705 910 4714 ’
1124 4703 1125 4707 ’
