2975 4942
568 293 601 339 ἢ(
616 289 752 335 ΗΟΒΔΉΙ
769 288 886 333 nuncet

273 445 337 515 Hic
350 470 385 513 se
399 448 602 534 praecipitem
616 459 702 514 tecto
714 450 821 515 dedit:
843 448 894 513 ille
910 440 1038 533 flagellis

274 551 327 615 Ad
341 562 475 614 mortem
490 570 619 613 caesus:
640 549 762 635 fugiens
776 550 827 615 hic
840 549 956 643 decidit
970 566 1077 613 acrem

275 650 473 715 Praedonum
487 650 519 714 in
532 650 675 715 turbam:
696 651 784 716 dedit
797 651 848 715 hic
861 672 919 735 pro
934 670 1067 733 corpore
1081 643 1243 714 nummosi

276 751 372 816 Hunc
385 753 620 836 perminxerunt
632 751 760 816 calones
772 776 780 826 ς
802 750 986 835 quinetiam
1001 750 1076 814 illud

275 852 412 930 Accidit,
423 864 458 917 ut
471 852 595 918 cuidam
609 862 705 917 testes
718 854 913 934 caudamque
929 849 1067 914 salacem

278 953 484 1018 Demeterent
498 953 591 1018 ferro.
634 950 712 1016 lure
727 967 857 1015 omnes:
880 950 984 1015 Galba
997 950 1140 1035 negabat.

319 1128 432 1197 Ttrtior
444 1141 476 1195 at
491 1140 608 1215 quanto
621 1150 711 1193 merx
726 1139 775 1193 est
789 1129 822 1192 in
839 1128 938 1193 classe
954 1127 1111 1193 secunda!

276 1230 507 1295 Libertinarum
521 1230 604 1306 dico,
618 1228 784 1293 Sallustius
795 1228 827 1295 in
842 1250 919 1312 quas

278 1332 352 1397 Non
366 1333 468 1397 minus
482 1331 605 1407 insanit,
618 1352 714 1413 quam
726 1330 781 1413 qui
795 1330 986 1395 moechatur.
1031 1330 1075 1394 At
1088 1318 1139 1393 hic
1152 1327 1190 1403 si,

280 1432 353 1509 Qua
366 1453 428 1509 res,
441 1453 504 1516 qua
517 1431 596 1496 ratio
610 1433 766 1506 suaderet,
780 1450 903 1514 quaque
918 1432 1060 1495 modeste

278 1532 431 1598 Munilico
443 1554 513 1597 esse
527 1532 610 1609 licet,
622 1530 717 1595 vellet
731 1532 832 1594 bonus
846 1540 939 1614 atque
953 1530 1106 1617 benignus

278 1633 379 1709 Esse3
400 1634 491 1699 daret
504 1643 655 1717 quantum
669 1631 743 1693 satis
756 1641 850 1706 esset,
864 1650 924 1695 nec
938 1628 996 1693 sibi
1009 1632 1125 1695 dmnno

278 1731 500 1817 Dedecorique
514 1733 614 1797 soret:
635 1750 745 1793 verum
759 1728 820 1793 hoo
833 1752 869 1793 se
883 1729 1080 1814 amplectitur
1094 1752 1156 1795 uuo
1172 1756 1181 1805 3

280 1833 463 1908 Hooamat,
476 1834 537 1896 hoc
551 1832 677 1897 laudat:
698 1830 880 1895 Matronam
894 1830 1010 1897 nullam
1024 1852 1084 1916 ego
1098 1841 1202 1916 tango.

279 1935 326 1999 Ut
340 1936 499 2019 quondam
513 1933 688 2007 Marsaeus,
698 1942 821 1996 amator
836 1930 972 2017 Originis
983 1930 1044 2011 ille,

280 2035 344 2111 Qui
358 2034 492 2120 patrium
506 2034 622 2097 mimae
638 2034 735 2097 donat
749 2032 941 2117 fundmnque
956 2032 1126 2117 laremque,

282 2136 335 2201 Nil
349 2135 442 2199 fuerit
456 2134 510 2210 ml,
523 2135 631 2219 inquit,
646 2156 719 2198 com
732 2134 881 2199 uxoribus
893 2155 1032 2219 unquam
1045 2133 1161 2199 alienis.

281 2238 404 2301 Verum
417 2247 553 2301 osteum
567 2237 683 2312 mimis,
693 2247 742 2299 est
756 2257 828 2300 cum
843 2236 1069 2313 meretricibus,
1082 2238 1165 2301 unde

282 2337 380 2404 Fama
394 2336 511 2400 malum
525 2337 662 2421 gravius,
675 2358 770 2421 quam
785 2356 846 2412 res,
860 2336 965 2401 trahite
1005 2336 1058 2401 An
1072 2336 1128 2401 tibi
1141 2335 1264 2401 abunde

114 2517 119 2526 Ι
284 2437 457 2502 Personam
470 2438 544 2501 satis
558 2449 616 2513 est,
630 2460 694 2503 non
707 2437 792 2515 illud,
805 2438 955 2522 quidquid
968 2437 1083 2523 ubique
1359 2432 1402 2498 60

178 2554 185 2565 “
283 2538 401 2614 officit,
414 2540 534 2603 evitare
546 2540 560 2603 l
582 2540 705 2605 Bonam
718 2541 894 2624 deperdere
908 2540 1035 2617 famam,

283 2641 367 2705 Rem
382 2640 480 2725 patris
492 2640 655 2718 oblimare,
668 2640 786 2705 malum
800 2652 849 2706 est
862 2641 1048 2726 ubicunque.
1093 2640 1178 2718 Quid
1192 2641 1284 2706 inter-

284 2742 352 2818 Est‚
365 2741 400 2807 iu
412 2752 566 2819 matrona,
580 2742 694 2808 ancilla
704 2741 862 2828 peccesne
877 2743 1004 2827 togata?

325 2922 436 2990 Villius
450 2928 481 2991 in
496 2926 612 2992 Fausta
627 2926 732 2991 Sullae
745 2948 854 3013 gener,
868 2926 928 2991 hoc
942 2924 1039 2990 miser
1052 2948 1114 2991 uno

285 3027 422 3092 Nomine
436 3029 597 3111 deceptus,
612 3048 731 3111 poenas
744 3028 831 3093 dedit
845 3046 942 3111 usque
957 3046 1112 3111 superque

285 3129 390 3203 Quam
405 3128 480 3191 satis
491 3138 559 3204 est3
580 3128 691 3212 pugnis
705 3148 825 3204 caesos,
838 3126 985 3211 ferroque
999 3126 1133 3211 petitum

285 3228 439 3292 Exclusus
454 3227 532 3304 fore,
546 3250 642 3312 quum
657 3228 864 3313 longarenus
876 3228 959 3293 ‘foret
972 3228 1063 3294 intua.

286 3328 371 3392 Huic
384 3328 410 3392 si
424 3328 559 3393 mutonis
572 3328 676 3393 verbis
688 3328 771 3393 mola
783 3338 872 3393 tanta
884 3328 1019 3393 videntis

580 3591 742 3643 <remoue
762 3590 941 3641 Ruuntuus.

143 3745 181 3792 46.
197 3740 302 3789 Barthius
311 3736 418 3799 (Addere
428 3740 464 3785 ³8.
473 3736 505 3797 6.)
515 3736 745 3799 conjecturesDcme·
802 3736 839 3781 61.
854 3736 982 3795 Cuningam
1000 3737 1067 3783 reads
1079 3735 1211 3795 dispersim
1224 3752 1254 3785 on
1269 3738 1404 3787 ooa'ecture.

116 3808 188 3853 tereret
190 3802 270 3861 ferro.
297 3800 391 3858 Bentley
399 3798 556 3857 alsomggosts
566 3798 670 3842 thesaure
680 3798 744 3841 read-
802 3798 839 3841 6³.
854 3796 1126 3857 Lambinuscoujectures
1137 3808 1243 3853 peccesne
1255 3798 1290 3844 for
1349 3815 1405 3845 omn·

116 3866 162 3965 ἲς·
187 3856 744 3965 ⁹l¹⁶¹¹⁶⁵³ll³⁰¹wi⁰fl⁵⁸lll³1l3'dslll'l
774 3854 1059 3962 tumultuetur
1081 3855 1291 3961 telumue
1308 3858 1405 3927 ‘lm‘

117 3935 179 4034 cadmi
188 3930 570 4033 eldliocrllsnlrlrcrgrfimetllltlerro.
674 3949 680 3959 ⁰
714 3932 728 3961 n
771 3927 863 4043 JValart,
878 3931 1117 4043 Wakefieldlldlilg,
1128 3930 1406 4031 Boffig'alrhmppmxgffi:

146 4038 183 4084 tt.
199 4034 302 4096 Bentley,
315 4053 343 4083 on
358 4034 553 4098 tirenutltorit'yol
564 4048 579 4079 a
593 4034 667 4092 single
685 4032 745 4085 MS..
775 4033 826 4087 dac.⁷
836 4033 934 4077 lrkawrse
945 4032 1012 4093 adopt
1022 4035 1046 4079 it.
1072 4034 1407 4094 'rhemtiniryotperoemis

116 4096 184 4143 reads
201 4095 229 4139 ἐπ
246 4109 299 4151 qua,
317 4096 392 4142 ulrich
412 4095 538 4153 Curungam
556 4092 601 4137 and
620 4093 747 4140 Wakefield
776 4092 901 4151 extremely
910 4092 1076 4139 doubtful-In
1086 4095 1130 4139 thia
1144 4106 1206 4138 same
1222 4094 1267 4147 line
1281 4106 1353 4153 my
1362 4092 1406 4141 edi·

117 4156 194 4212 adopt.
776 4160 822 4195 tors
832 4152 896 4210 place
906 4166 920 4196 a
930 4166 1016 4197 comma
1024 4150 1180 4207 aderuncillu,
1186 4152 1319 4213 separating
1328 4153 1346 4199 it
1352 4154 1406 4201 imm

146 4218 183 4262 51.
199 4213 290 4259 Sixteen
303 4214 330 4259 oi
342 4212 441 4258 Valart’s
456 4210 523 4270 MSS.
541 4210 598 4255 have
613 4210 746 4272 Maedicae
776 4212 861 4269 togato.
891 4210 948 4255 This
961 4213 1106 4271 punctuation
1120 4212 1142 4258 is
1156 4225 1283 4257 erronaoua
1297 4210 1347 4257 rid.
1365 4212 1407 4257 Ex·

117 4275 189 4321 audit
204 4275 222 4317 is
238 4271 306 4339 found
322 4273 370 4317 also
386 4273 408 4315 in
423 4272 462 4315 the
478 4274 528 4315 best
537 4269 639 4317 editione.
663 4273 747 4319 Others
775 4270 892 4331 planatory
902 4277 972 4316 notes.
1298 4329 1304 4339 ι

116 4329 347 4448 gllredoellllllrfiyclllnSS
358 4389 415 4455 liare
424 4391 446 4430 et
454 4385 536 4433 tandm
549 4388 583 4435 sm·
596 4390 639 4434 doc
647 4390 747 4443 laudun
776 4330 843 4434 Mgl.
851 4329 1407 4448 ;Bllllllllldelrililsillldldmrrtlillnolllgraludssggnluylgalil

118 4450 164 4497 and
173 4448 275 4506 Bentley,
283 4444 747 4506 Fea,Krdd‚togetherwithaleuothers,
775 4456 836 4502 note,
855 4449 978 4507 according
996 4459 1020 4495 to
1037 4450 1093 4495 Fea.
1124 4448 1182 4495 Thia
1198 4449 1264 4494 latter
1278 4446 1407 4507 medingis

118 4511 189 4568 adopt
198 4509 224 4551 it.
454 4562 461 4571 ι
775 4508 845 4566 given
858 4509 906 4553 also
921 4509 943 4553 in
958 4518 1016 4555 most
1032 4508 1058 4554 ol
1068 4510 1107 4555 the
1123 4508 1186 4568 early
1203 4506 1307 4561 editione,
1326 4508 1375 4554 and
1391 4506 1407 4552 is

147 4570 184 4614 56.
200 4563 400 4611 'I'hecollationos
408 4561 747 4621 Sarnugiveamimcoemmn
776 4566 873 4626 adopted
884 4566 1035 4625 eputamus,
1052 4568 1173 4625 cumulas,
1189 4568 1217 4613 D.
1229 4565 1349 4621 Heinsius,
1364 4566 1407 4611 Dr·

124 4626 214 4672 danuvii
221 4637 310 4666 cruror.
776 4626 829 4677 otor,
840 4624 973 4684 Cuningam,
984 4626 1079 4681 Gesner,
1091 4628 1134 4687 dfe.
