2975 4942
570 318 745 363 sunuonuu
761 318 824 361 ure.
841 320 877 372 u,
890 298 922 361 tt.

216 478 299 559 Quid
313 480 436 554 tiliois,
450 481 583 553 insane?
605 490 633 541 et
647 501 739 565 quom
753 500 818 541 rem
830 480 898 562 ogis
911 478 1091 563 improbos?
1113 489 1224 565 urguet

213 581 304 645 Iratis
317 580 481 666 precibus3
504 590 537 644 ta
543 580 650 665 pulses
665 602 750 643 omne
765 578 844 665 quod
858 580 964 654 obstat,
1044 642 1045 647 ,

211 681 481 747 senescentem
494 682 619 745 memori
631 683 659 742 si
671 690 768 743 mente
783 702 933 747 recurras.
946 712 987 726 -ν

214 781 288 847 Hoc
298 783 386 869 juvet
401 792 434 847 et
446 780 530 848 melli
543 791 601 857 est,
614 802 677 845 non
691 782 834 846 mentiar.
878 780 922 845 At
936 780 1024 847 simul
1036 790 1118 847 atras

211 881 351 947 Ventum
363 894 413 948 est
426 878 589 967 Esquilias,
602 881 703 945 aliena
716 881 842 966 negotia
854 892 982 945 centurn

212 980 276 1047 Per
289 993 427 1068 caputet
441 984 526 1046 circe
539 981 650 1045 saliunt
666 980 755 1045 letus.
798 981 883 1045 Ante
897 981 1066 1045 secundem

218 1081 353 1147 Roscius
365 1082 476 1147 orabat
489 1082 547 1145 sibi
560 1081 687 1145 adesses
700 1080 864 1145 auPutsal
879 1104 959 1147 cras.

114 1178 117 1182 ’
215 1180 267 1245 De
280 1202 316 1245 re
330 1182 488 1246 communi
501 1180 624 1246 scribae
639 1202 753 1267 magna
766 1190 859 1265 etque
873 1203 956 1247 nova
967 1193 999 1247 te

134 1292 138 1298 “
211 1282 357 1367 Orabunt
369 1282 461 1349 hodie
473 1282 677 1359 meminisses,
690 1281 817 1359 Quinte,
831 1282 955 1348 reverti.

215 1382 378 1467 Imprimat
391 1382 446 1459 his,
461 1404 546 1459 cura,
559 1381 732 1458 Maecenas
745 1382 833 1467 signa
845 1382 975 1447 tabellis.

214 1480 349 1559 Dixeris,
362 1482 536 1567 Experiar:
558 1483 594 1547 Si
608 1482 665 1559 vis,
678 1493 778 1567 potes,
793 1483 879 1549 addit
892 1494 924 1547 et
937 1483 1039 1547 instat.

207 1582 374 1668 ¹Septimus
386 1592 499 1648 octavo
511 1583 640 1669 propior
649 1583 716 1669 jam
729 1583 842 1669 fugent
856 1605 962 1661 annus,

212 1682 264 1748 Ex
278 1704 341 1768 quo
355 1682 526 1749 Maecenas
540 1705 592 1747 me
606 1684 712 1770 coepit
724 1684 841 1749 habere
855 1687 993 1771 suorum]

212 1784 251 1849 ln
263 1805 409 1861 numero,
418 1784 568 1849 duntaxat
581 1774 623 1851 ed
637 1786 708 1861 hoc,
722 1806 817 1870 quem
830 1784 939 1850 tollere
952 1785 1051 1849 rhedo

169 1901 171 1905 ’
212 1883 318 1949 Vellet
331 1884 531 1961 iterfaciens,
544 1897 578 1951 et
591 1887 641 1951 cui
656 1889 848 1953 concredere
864 1908 961 1975 nugas

212 1985 286 2051 Hoc
298 2006 408 2073 genus,
422 1986 513 2053 Hora
525 1999 621 2071 quota
635 1987 706 2052 est?
729 1988 838 2052 Threx
851 1999 899 2052 est
914 1986 1039 2051 Gallina
1052 1988 1135 2073 Syro
1149 1990 1229 2074 part

123 2108 125 2113 ·
210 2084 368 2152 Matutine
380 2108 493 2173 perum
506 2098 615 2151 cautos
625 2088 691 2174 jorn
705 2087 822 2174 frigora
835 2090 1000 2153 mordent:
1210 2075 1224 2101 '⁸

212 2184 255 2251 Et
268 2206 349 2271 quae
362 2186 479 2251 rimosa
491 2185 573 2252 bene
587 2190 790 2274 deponuntur
802 2188 835 2252 in
848 2208 934 2253 aure.

212 2285 275 2352 Per
288 2296 390 2350 totmn
403 2286 465 2351 hoe
477 2296 602 2374 tempus
615 2288 785 2374 subjectior
796 2288 829 2353 in
843 2288 928 2352 diem
941 2298 974 2353 et
988 2289 1095 2353 horam

210 2387 349 2452 Invidiae
363 2374 479 2453 noster.
523 2388 632 2452 Ludos
645 2389 834 2473 spectaverit
849 2410 919 2465 une,
999 2444 1001 2449 .

211 2487 338 2575 Luserit
350 2486 383 2549 in
397 2508 531 2573 campo:
553 2486 712 2553 Fortunae
724 2489 827 2553 filius!
849 2510 967 2555 omnes.

210 2585 354 2671 Frigidus
367 2608 388 2650 a
400 2585 523 2651 Rostris
536 2598 643 2651 manat
656 2608 714 2670 per
729 2588 867 2671 compita
880 2608 1004 2653 rumor:

211 2685 397 2771 Quicunque
410 2684 521 2751 obvius
534 2678 591 2761 est,
605 2706 657 2749 me
671 2685 823 2750 consulit:
845 2686 876 2749 0
890 2686 983 2763 bone,
997 2710 1071 2753 nam
1085 2700 1116 2754 te

212 2788 313 2865 Scire,
326 2790 403 2853 deos
415 2786 563 2872 quonism
576 2786 703 2872 propius
716 2786 879 2872 contingis,
893 2797 1027 2877 oportet,

210 2888 297 2955 Num
310 2889 439 2972 quidde
453 2887 550 2953 Dacis
564 2886 700 2953 audistil
714 2922 759 2946 ·-.
772 2886 826 2951 Nil
840 2887 995 2971 equidem.
1009 2924 1053 2937 --
1067 2888 1113 2954 Ut
1126 2902 1160 2955 tu

216 2988 352 3074 Semper
366 2988 428 3052 eris
442 2988 581 3054 derisor!
594 3024 635 3037 --
646 2987 690 3052 ht
704 3008 815 3051 omnes
824 2986 862 3059 'di
879 2986 1036 3073 exagitent
1048 3010 1110 3065 me,

210 3088 246 3155 Si
259 3089 438 3174 quidquam.
449 3121 492 3133 -
505 3088 612 3166 Quidl
633 3088 780 3153 militibus
793 3088 945 3173 promissa
959 3088 1126 3171 Triquetra

210 3188 345 3255 Praedia
358 3188 478 3255 Caesar
491 3211 533 3254 an
546 3199 594 3253 est
608 3188 688 3254 Itala
699 3188 811 3253 tellure
825 3188 974 3253 datumst

209 3288 375 3354 durantem
388 3309 440 3355 me
455 3290 535 3359 scire
550 3288 624 3354 nihil
639 3288 791 3353 mirantur
805 3299 840 3352 ut
853 3310 950 3353 unum

209 3389 337 3455 Scilicet
350 3388 646 3476 egregiimortslem
659 3388 774 3474 altique
790 3388 901 3454 silenti.
948 3406 949 3409 ’

1088 3562 1368 3573 -ο--ι-α-..ι-υ-ψ--ω

560 3633 707 3691 vunloos
722 3611 914 3691 'resumes

110 3799 149 3847 29.
163 3798 192 3845 ln
199 3798 231 3845 all
240 3798 267 3844 ol
272 3797 387 3855 Bentley’s
393 3796 460 3845 MSS.
471 3798 517 3844 this
525 3796 569 3843 line
578 3796 598 3842 is
607 3796 675 3856 giren
685 3809 712 3841 ar
770 3796 806 3841 ³2.
826 3792 921 3856 Bentley
930 3794 997 3843 reads
1006 3810 1034 3845 ne
1043 3798 1151 3855 mentior,
1168 3797 1208 3843 hut
1217 3803 1315 3845 restores
1322 3810 1372 3847 noo

76 3861 184 3906 follows:
199 3857 263 3916 ΘΜ
280 3856 321 3901 titt
334 3856 370 3902 ote
385 3856 474 3912 insane,
491 3859 512 3901 et
522 3870 581 3916 quos
594 3854 712 3915 mugio?
739 3854 839 3899 mentiar
849 3856 872 3900 tn
882 3855 1021 3917 hispretece.

75 3916 423 4020 mer
443 3916 612 4020 ree
769 3912 1230 3963 teu
1245 3913 1370 3965 tre

76 3977 207 4082 ffmffigu
228 3988 567 4080 thelinethcsemeagdi'ebove.
598 4030 649 4077 The
664 4030 710 4077 edi·
770 4031 806 4078 lh.
823 4030 945 4078 Lambinus
955 4032 1018 4091 gives
1029 4009 1111 4087 Threi
1129 4044 1168 4087 on,
1182 4032 1255 4077 which
1273 4032 1370 4081 isteaod

76 4096 141 4141 ticos
158 4094 232 4140 which
249 4090 395 4139 succeedthe
412 4091 496 4139 Aldine
512 4092 627 4153 generally
643 4090 713 4137 insert
740 4090 789 4137 also
805 4092 828 4137 in
847 4098 892 4136 tuo
906 4091 932 4137 ol
942 4091 1086 4139 Bemmnnn's
1104 4090 1171 4160 MSS.
1202 4090 1297 4153 Bentley
1305 4094 1371 4154 gives

76 4153 136 4213 agis
144 4151 189 4199 aad
197 4150 306 4199 omittite
337 4150 430 4212 Bentley
438 4159 537 4198 correcte
544 4151 581 4196 the
590 4149 634 4195 line
644 4149 709 4194 thus:
742 4150 834 4205 Thrae,
842 4149 916 4195 which
926 4158 983 4195 most
991 4148 1086 4196 ethtions
1093 4150 1186 4197 exhibit

76 4209 378 4269 mediolanensem
467 4224 515 4255 rem
534 4210 613 4268 ogis?
626 4208 711 4265 impro-
770 4210 806 4255 ts.
822 4206 958 4269 lnpleceot
968 4212 1111 4265 spectaverat
1126 4210 1147 4253 iu
1163 4208 1370 4265 thisllrre,andlo·

76 4273 211 4329 banerget.
244 4269 288 4315 We
307 4224 470 4331 hesum
489 4270 536 4315 this
546 4269 601 4314 with
617 4267 713 4335 aslight
740 4272 805 4316 serat
820 4270 842 4313 in
858 4267 1085 4336 thesncceeding,es
1102 4269 1139 4313 the
1155 4268 1370 4336 commonueditions

77 4329 255 4399 “wi-”¹³¹²
270 4328 423 4420 ΨΜ·
454 4326 1371 4445 W²⁶⁶‘¹¹-⁶t¹1³.⁰tttttthtthtttt‘fflstltthtt‘htttttttt

74 4386 265 4505 leiiidddltlhvgri
280 4398 642 4506 2[inliti)‘iiiiiiiveielhtilg'ciirnnrn
656 4444 713 4489 after
740 4414 871 4505 equivalent
880 4452 904 4489 to
913 4445 935 4489 εἰ
943 4401 1085 4503 opinareris,
1095 4444 1213 4513 si'lasert't.
1232 4501 1238 4513 .

75 4505 211 4552 obrtntnnd
217 4505 294 4565 places
303 4520 317 4551 e
326 4505 426 4551 marlot
436 4504 593 4565 interrogation
611 4502 711 4549 adern-
771 4506 807 4549 ⁵7.
824 4503 925 4572 Bentley,
942 4506 1018 4573 anthe
1033 4505 1144 4561 authority
1159 4502 1186 4547 ot
1196 4518 1210 4547 a
1220 4502 1292 4563 single
1307 4502 1368 4573 MS..

75 4562 284 4670 {menium
296 4578 358 4611 serae
376 4565 423 4611 line
431 4578 474 4611 one
490 4564 517 4610 ol
529 4563 627 4611 Velert’s
642 4561 709 4609 MSS.
740 4562 939 4683 idhilmmr'
962 4562 1037 4609 which
1062 4557 1104 4617 lew
1126 4561 1261 4621 subsequeut
1285 4560 1369 4608 editors

719 4682 834 4745 tt-
