2975 4942
562 323 593 362 o.
609 314 745 357 nourrii
765 290 885 356 retaur-

337 459 417 525 Mox
428 460 566 544 juniores
581 462 702 542 quaerit
716 459 873 524 adulteros

339 556 427 622 Inter
438 558 543 622 mariti
556 559 649 633 vina3
669 579 774 642 neque
788 559 882 643 eligit,

236 643 240 657 ¹
382 656 444 734 Cui
457 659 554 722 donet
568 658 764 741 impermissa
777 657 892 741 raptim

424 758 557 834 Gaudia,
571 756 738 821 luminibus
748 756 876 821 remotis
888 780 901 831 a

341 926 407 990 Sed
419 926 509 1010 jussa
522 945 631 989 coram
645 945 709 989 non
723 924 790 987 sine
804 923 933 987 conscio

340 1025 447 1110 Surgit
460 1025 582 1101 marito,
597 1045 652 1087 seu
665 1034 759 1087 vocat
773 1022 904 1111 institor,

383 1127 450 1190 Seu
462 1125 551 1189 navis
566 1125 728 1209 Hispanae
743 1123 902 1209 magister,

425 1225 628 1290 Dedeeouum
643 1225 800 1311 pretiosus
812 1232 928 1289 emtor..

341 1400 415 1465 Nou
430 1400 477 1465 his
488 1401 634 1486 juventus
648 1411 718 1464 orta
730 1398 912 1484 parentibus

343 1502 459 1568 Infecit
473 1522 592 1587 aequor
603 1501 753 1587 sanguine
768 1500 896 1576 Punico,

390 1602 609 1687 Pyr-iliumque
624 1613 657 1667 et
670 1604 830 1687 ingentem
846 1601 960 1667 cecidit

430 1704 635 1780 Antiochum,
648 1702 924 1787 Hannibalemque
940 1703 1062 1769 dirum:

349 1875 414 1943 Sed
428 1879 619 1943 rusticorum
633 1879 773 1943 mascula
787 1878 921 1943 militurn

349 1977 468 2055 Proles,
482 1978 616 2042 Sabellis
629 1981 724 2043 docta
737 1980 890 2063 ligonibus

391 2078 531 2141 Versare
545 2078 664 2162 glebas,
677 2090 709 2141 et
724 2099 855 2143 severae

431 2178 545 2243 Matris
559 2180 600 2243 ad
614 2179 774 2242 arbitrium
789 2181 909 2244 recisos

350 2348 483 2412 Portare
497 2347 604 2423 fustes,
618 2349 666 2411 sol
679 2348 732 2411 ubi
747 2350 902 2413 montium
1003 2394 1006 2401 ·

348 2448 490 2513 Mutaret
504 2448 632 2512 umbras
645 2460 678 2511 et
688 2448 765 2533 juga
777 2451 920 2513 demeret
1029 2470 1034 2477 ·
1135 2451 1139 2477 ³

392 2547 501 2612 Bobus
517 2548 661 2633 fatigatis
675 2549 812 2612 anticum
1003 2563 1005 2565 ’

437 2649 578 2734 Tempus
593 2670 689 2733 agens
702 2649 837 2731 abeunte
852 2672 960 2715 curru..

352 2818 514 2885 Damnosa
527 2818 602 2902 qnid
616 2839 678 2881 non
692 2818 846 2883 imminuit
859 2818 931 2883 dies
940 2820 952 2885 l

351 2921 449 2986 Aetas
462 2930 636 3005 parentum,
649 2920 739 3004 pejor
752 2919 828 2995 auis,
842 2918 911 2983 tulit

396 3020 464 3083 Nos
478 3019 652 3106 nequiores,
665 3040 739 3083 mox
749 3021 880 3111 daturos

438 3119 624 3204 Progeniem
639 3120 841 3217 vitiosiorem.
874 3172 877 3183 .

620 3362 761 3427 Cranen
784 3362 859 3467 Vll.

581 3529 644 3595 An
665 3532 904 3612 ASTERIEN.

357 3702 443 3779 Quid
457 3703 522 3779 fles,
535 3704 671 3794 Asterie,
688 3708 992 3794 quem‘tibieandidi
1018 3730 1021 3737 ·
1049 3676 1050 3680 i

358 3802 465 3867 Primo
479 3804 642 3869 restituent
655 3811 730 3871 vere
744 3808 884 3883 Favonii,

401 3903 516 3987 Thyna
530 3924 637 3969 merce
651 3906 788 3985 beatum,

444 4002 624 4069 Constantis
634 4007 782 4092 juvenem
798 4010 869 4085 fide,

111 4164 1390 4206 ...mm-*mm

576 4268 723 4320 VARIOUS
738 4272 925 4321 RuAmNGS.

76 4445 78 4452 Ι
131 4390 169 4434 36.
185 4386 357 4457 Sorneedltions
366 4391 424 4435 bave
434 4390 580 4446 dammim
595 4392 646 4439 Ode
662 4395 685 4439 2.
694 4396 730 4439 12,
760 4395 832 4453 ingol
843 4396 921 4453 nearly
931 4397 962 4442 all
973 4398 1010 4443 the
1027 4396 1095 4443 MSS.
1105 4395 1151 4441 and
1166 4397 1183 4442 ie
1193 4396 1256 4443 itseli
1266 4395 1347 4443 aneos
1357 4397 1399 4443 tbe

101 4451 125 4493 ἲ.
156 4446 383 4514 VarronsReadmgs.
760 4454 798 4500 old
809 4455 875 4500 forms
884 4454 910 4501 ul
921 4458 959 4500 the
978 4456 1075 4512 genitive
1093 4455 1120 4501 os
1136 4459 1174 4501 the
1197 4456 1235 4501 5tb
1253 4456 1395 4502 declarem.

760 4512 805 4559 uid.
818 4513 883 4557 Ouid.
903 4514 962 4570 Met.
980 4517 1002 4559 3.
1020 4516 1072 4560 atr.
1105 4514 1173 4573 Virg.
1194 4514 1282 4575 Georg.
1301 4518 1322 4559 1.
1342 4516 1398 4561 2⁰8.

365 4564 458 4611 enar.
542 4573 545 4578 “
761 4570 855 4615 Sallust.
864 4572 924 4631 Jug.
932 4574 968 4618 56.
977 4572 1012 4619 Id.
1022 4572 1078 4619 ibid.
1088 4576 1138 4619 102.
1156 4576 1201 4621 Sec.
1231 4574 1399 4633 Comperethe

180 4672 190 4699 ὖ
295 4682 299 4689 Ι
469 4682 474 4691 .
761 4630 870 4675 wordrol
885 4632 1077 4689 Huuterffruqf.
1094 4633 1126 4677 ad
1146 4622 1225 4695 Virga)
1257 4639 1273 4661 ‘⁸
1283 4634 1319 4679 Ex
1329 4632 1399 4679 dit-is

124 4682 155 4742 ”b
172 4684 238 4729 borne
247 4680 344 4732 effluens
351 4679 481 4740 benefida,
491 4682 582 4741 butfide
589 4686 610 4738 is
620 4686 657 4733 the
666 4686 731 4741 read·
757 4687 845 4734 'lactum
854 4690 890 4735 vel
898 4688 953 4737 <li-es
965 4690 1019 4749 (uid.
1031 4692 1088 4739 Aul.
1098 4692 1156 4741 Gen,
1168 4694 1190 4741 9.
1200 4694 1245 4754 14.)
1255 4692 1291 4740 vel
1303 4692 1365 4749 elie-i,
1376 4702 1401 4739 er

1445 4760 1455 4783 Q
