2975 4942
535 316 757 364 arisrocsauii
773 316 838 362 cia.
851 320 887 372 ii,
903 298 931 364 1.

200 497 315 564 Edicto
328 497 434 573 vetuit,
448 517 488 562 ne
502 497 627 582 quisse,
642 506 769 582 praeter
781 495 937 582 Apelleiu,

199 586 356 684 Pingeret¹
370 607 423 662 aut
436 595 514 662 elius
528 597 668 686 Lysippo
680 596 813 666 duceret
825 617 901 667 aera
1018 647 1027 654 .

198 695 302 764 Fortis
315 697 487 764 Alexandri
500 696 620 763 vultum
634 696 820 764 simulantia
863 695 959 775 Quod
973 696 999 762 si

171 877 173 882 ,
196 795 355 864 Judicium
369 797 479 863 subtile
492 795 635 864 videndis
649 796 769 862 artibus
781 795 857 862 illud
937 798 941 805 ’

196 899 250 965 Ad
264 899 359 964 libros
373 899 459 966 etad
473 899 552 964 haec
566 897 731 964 Musarum
746 898 831 963 dona
843 918 983 974 vocares,
1004 895 1006 900 ’

198 997 359 1064 Boeotum
373 1000 405 1064 iii
418 1017 524 1063 crasso
535 997 657 1084 jurares
671 1003 743 1062 aere
758 1010 876 1066 natum.

238 1099 282 1164 At
296 1119 398 1184 neque
413 1099 606 1164 dedecorant
620 1097 728 1162 tunde
743 1118 778 1162 se
789 1097 915 1184 judicia,
929 1107 1023 1182 atque
1108 1087 1112 1097 ’
1291 1097 1359 1168 245

198 1197 342 1276 Munera,
356 1219 435 1284 quae
450 1199 546 1263 multa
558 1197 661 1262 dantis
673 1217 747 1264 cuin
761 1198 853 1264 laude
867 1197 1012 1275 tulerunt,
1040 1200 1044 1210 '

195 1297 312 1364 Dilecti
324 1297 381 1364 tibi
394 1297 542 1386 Virgilius
556 1297 732 1384 Variusque
747 1304 879 1385 poetae:
1111 1295 1114 1306 '

194 1399 266 1465 Nec
280 1400 377 1486 magis
389 1399 534 1486 expressi
542 1397 644 1466 vultus
657 1403 715 1488 per
729 1407 827 1466 aenea
841 1401 938 1487 signa,

195 1499 299 1579 Quam
314 1523 372 1588 per
384 1502 463 1566 vatis
476 1523 555 1586 opus
568 1521 673 1566 mores
688 1501 844 1587 animique
858 1503 997 1568 virorum

193 1600 359 1667 Clarumm
372 1613 532 1687 apparent.
576 1601 647 1668 Nec
662 1609 823 1668 sermones
836 1623 898 1688 ego
911 1601 1063 1670 mallem·
1175 1605 1178 1608 ’
1290 1601 1363 1667 250

193 1700 356 1787 Repentes
369 1723 428 1786 per
440 1702 577 1778 humum,
589 1709 684 1787 'quam
698 1724 750 1767 res
764 1719 956 1788 componere
969 1694 1074 1790 gestas
1087 1723 1097 1777 3

194 1799 427 1887 Terrarumque
442 1801 518 1866 situs
531 1813 565 1865 et
578 1801 706 1866 flumina
720 1795 836 1878 dicere,
851 1813 884 1867 et
898 1791 989 1867 arces

192 1899 354 1969 Montibus
368 1893 536 1988 impositas}
550 1891 583 1966 el
595 1901 732 1968 barbara
746 1922 854 1988 regna,
867 1903 991 1988 tuisque

193 2002 348 2088 Auspiciis
361 2012 462 2067 totum
476 1991 739 2069 conlectii‘duella
753 2007 812 2089 p'er
825 2000 945 2080 orbem,

193 2103 398 2188 Claustraque
413 2091 584 2169 custodem
593 2103 679 2191 pacis
692 2103 873 2172 cohibentia
883 2103 1010 2183 lanum,

189 2204 233 2271 Et
247 2203 446 2270 foriuidatam
460 2201 583 2271 Parthis
596 2193 630 2271 te
646 2207 788 2292 principe
801 2200 977 2282 Romam3‘
1054 2291 1058 2296 .
1087 2218 1090 2222 ’
1148 2211 1152 2218 “

193 2304 239 2382 Si,
253 2314 402 2391 quantum
416 2327 576 2391 cuperem,
588 2329 714 2395 possem
729 2330 863 2394 quoque.
908 2295 976 2373 Sed
989 2299 1091 2393 neque
1105 2313 1238 2394 parvum

193 2406 332 2472 Carmen
346 2407 493 2492 majestas
507 2407 619 2494 recipit
633 2419 696 2484 tua,
709 2417 770 2474 ii'ec
785 2416 874 2475 meus
888 2411 984 2476 audet
1082 2414 1084 2421 '
1222 2418 1226 2423 ’

188 2506 412 2574 itomanam
427 2507 537 2591 pudor,
553 2527 647 2592 quam
659 2508 742 2572 vires
757 2507 841 2573 ferre
855 2506 1011 2574 recusent.

190 2605 346 2673 Sedulitas
360 2617 465 2671 autem
481 2597 584 2682 stulte,
598 2617 693 2695 quem
707 2603 816 2692 diligit,
830 2605 951 2694 urguet
1032 2610 1036 2618 '

188 2707 362 2796 Praecipue
377 2729 473 2793 quum
488 2729 521 2771 se
536 2698 674 2800 numeris
688 2705 890 2797 commendat
904 2720 937 2773 et
951 2720 1020 2776 arte
1035 2734 1044 2776 ε

189 2808 390 2875 uisciienim
405 2809 494 2874 citius
508 2789 711 2894 meminique
726 2805 969 2886 suentisium,

192 2909 288 2988 Quod
302 2911 370 2995 quis
384 2909 515 2986 deridet,
530 2909 723 3000 quam'quod
737 2907 850 2996 probat
864 2919 897 2972 et
910 2903 1103 2976 veneratur.'
1134 2914 1140 2924 ’
1189 2921 1193 2926 ·
1220 2963 1235 2986 ,.

192 3009 246 3076 Nil
260 3032 368 3076 moror
380 3009 516 3076 officium
532 3011 616 3096 quod
631 3031 682 3078 me
696 3009 816 3098 gravat,
830 3033 868 3076 ac
884 3031 987 3098 neque
1000 3009 1076 3076 ficto

190 3111 228 3176 In
242 3111 331 3198 pejus
343 3110 431 3175 vultu
444 3110 577 3196 proponi
591 3131 703 3176 cereus
712 3105 859 3196 usquam,
967 3197 971 3203 .
1005 3103 1008 3108 ¹
1151 3108 1175 3193 J
1221 3096 1237 3121 ¹
1288 3118 1353 3186 265

190 3210 261 3277 Nec
275 3231 371 3297 piare
387 3210 477 3276 factis
491 3209 635 3280 decorari
649 3211 790 3275 versibus
804 3210 901 3298 opto':
926 3206 962 3227 ”’
987 3216 991 3224 ’
1070 3209 1074 3215 ’

188 3310 239 3376 Ne
254 3310 384 3375 rubeam
398 3310 504 3398 pingui
518 3311 650 3375 donatus
664 3313 804 3400 munere,
818 3299 850 3377 et
865 3334 928 3378 una

189 3409 274 3475 Cum
289 3411 439 3497 scriptore
453 3431 535 3487 meo,
551 3433 647 3497 capsa
661 3422 825 3496 porrectus
840 3405 959 3498 ape'rta
987 3416 991 3423 ’

190 3511 328 3578 Delercr
341 3514 374 3578 in
387 3514 492 3579 vicum
505 3515 695 3580 vendentem
710 3513 783 3578 tliuii
795 3525 829 3580 et
841 3517 958 3581 odores

189 3601 233 3680 Ili
246 3615 336 3700 piper
350 3625 382 3679 et
396 3615 546 3701 quidquid
559 3615 674 3715 chartis
688 3615 833 3707 amicitur
843 3616 965 3701 ineptis.

519 3863 667 3954 viridis
683 3899 871 3972 assumus.
905 3859 909 3869 ⁴
997 3976 1001 3984 Ι

78 4051 95 4094 2
130 4080 135 4090 .
172 4063 208 4094 aiii
226 4054 462 4094 inuscoiiscturescu
477 4049 522 4092 etet
546 4061 571 4092 or
605 4051 684 4093 ciceret.
742 4050 793 4093 25.
848 4063 887 4094 ree
917 4094 922 4100 ,
977 4055 1014 4096 art
1118 4061 1149 4093 an
1169 4061 1231 4096 teme
1276 4049 1346 4102 aar.

96 4043 230 4118 inpia
324 4045 334 4108 j
457 4043 478 4115 ¹i
537 4043 604 4114 ip
773 4043 847 4093 ιιι
894 4029 1164 4097 uvuaussu
1240 4048 1266 4096 ii

39 4109 175 4157 Fabricius
193 4105 239 4152 and
250 4106 344 4164 Bentley
354 4103 422 4166 adopt
431 4108 473 4150 this
485 4103 636 4173 emendation.
647 4107 686 4164 but
714 4107 897 4155 ussermanni.

40 4183 92 4215 are
119 4171 160 4234 not
182 4163 287 4214 followed
305 4167 336 4224 by
351 4179 417 4222 many
442 4166 577 4234 subsannent
594 4159 683 4212 editors.
744 4166 796 4212 eet.
813 4164 880 4211 Some
900 4163 926 4211 oi
947 4165 1055 4212 Combe’s
1071 4162 1141 4211 MSS.
1164 4164 1223 4212 liare
1244 4169 1348 4216 merie

41 4227 107 4275 'Phe
117 4225 230 4296 objectioii
241 4233 263 4271 to
272 4225 427 4294 thecommoii·
441 4221 534 4282 reading
544 4237 570 4278 ιι,
581 4221 629 4292 tliat
643 4223 688 4328 dut·¹
718 4237 807 4270 ecmrc.
814 4281 866 4328 Tho
873 4280 900 4328 Μ
1034 4283 1039 4293 .
1051 4283 1055 4293 Ι

40 4284 466 4416 attaminarentur
480 4283 689 4410 etiamn
718 4281 1349 4416 ‘atstandandans

40 4399 263 4472 virdoctissininsssf
273 4401 362 4472 acutsly
370 4399 580 4469 observesHunter,
588 4399 690 4462 alluding
718 4410 755 4448 ter
773 4399 876 4460 reading.
905 4402 1023 4471 “Aperta
1037 4401 1094 4446 milii
1108 4414 1183 4472 inagis
1200 4401 1350 4472 Μ”οιι

35 4474 76 4512 ιο
87 4459 197 4520 Bentley,
203 4467 218 4532 ‘j
223 4461 279 4521 quid
288 4469 338 4515 erit,
348 4475 388 4506 aes
396 4457 482 4508 ductile
489 4461 520 4504 ?’'
719 4476 797 4510 series
805 4460 901 4515 Gemi.
910 4466 926 4492 ‘⁶
934 4458 1107 4544 qaod'pidentor
1115 4459 1281 4522 magisqlgi
1288 4474 1349 4522 qiu

79 4518 139 4624 gild.
154 4521 284 4626 gddldglld
293 4517 447 4626 {idllrdd‘rli
487 4612 493 4624 .
718 4528 798 4625 ‘peeldl
844 4520 1089 4641 iiidellnliliipoeeiio
1191 4575 1346 4635 incptirtoin·

79 4640 137 4686 2⁵1.
154 4637 233 4696 Tuon
257 4637 356 4685 Valart’s
365 4637 433 4687 MSS.
460 4651 544 4686 averes
553 4653 628 4701 quen.
718 4642 806 4698 emptu.
836 4638 920 4690 “Such
929 4635 1347 4699 consummaremur&

689 4699 731 4763 52
