2975 4942
564 338 789 386 srrsrournuu
806 338 870 382 nis.
886 341 907 394 r,
922 319 953 381 i.

213 493 257 562 Et
270 498 357 574 ludis,
371 508 404 562 et
417 508 489 582 post
502 497 609 564 decisa
622 501 748 586 negotia
762 499 896 585 Campo.
912 538 915 553 ·

214 598 326 660 Scituri
340 597 411 660 libet
425 621 460 660 ec
472 598 537 682 ipso
552 620 740 686 quaecunque
755 600 862 684 refers,
876 599 925 665 dic

209 698 262 762 Ad
274 721 396 764 coenam
409 701 520 763 veniat.
564 699 638 768 Non
653 721 727 765 sane
742 702 873 767 credere
887 700 1007 780 Mena3

210 798 321 866 Mirari
334 821 441 864 secum
455 801 581 883 tacitus,
622 800 707 885 Quid
721 800 842 880 mrdtsl
859 792 1012 887 'Benigne
1181 878 1183 883 ,

209 897 403 984 Respondet.
418 941 461 954 -
474 903 573 986 Neget
586 902 638 966 illc
653 902 753 966 miti?
767 937 807 948 -
818 903 923 986 Negat
937 902 1099 988 improbus,
1110 912 1137 964 et
1152 912 1181 963 te
1205 941 1207 944 -

209 999 350 1084 Negligit
359 1013 412 1064 ant
426 1004 537 1066 horret.
551 1037 592 1050 -·
606 1000 768 1068 Vulteium
781 1023 873 1066 mane
889 1003 1048 1088 Philippus

210 1097 293 1185 Vilia
306 1101 496 1166 vendentem
510 1101 649 1166 tunicato
663 1111 768 1166 scruta
781 1101 907 1186 popello

83 1206 85 1264 ζ
186 1269 189 1274 ,
208 1197 364 1286 Occupat,
377 1213 410 1266 et
424 1201 544 1266 salvere
555 1201 644 1288 jubet
658 1202 753 1286 prior.
796 1201 853 1267 Ille
869 1202 1010 1292 Philippo

210 1299 371 1372 Excusare
386 1300 526 1366 laborem
541 1313 572 1390 et
586 1302 782 1386 mercenarie
796 1301 909 1379 vinela,

208 1399 305 1478 Quod
319 1420 382 1466 non
397 1387 488 1466 mnne
502 1403 631 1468 domum
644 1403 781 1468 venisset
793 1428 802 1478 ;
821 1404 966 1489 denique,
979 1405 1065 1489 quod
1077 1425 1141 1468 non

210 1500 401 1568 Providisset
414 1522 496 1566 eum.
511 1535 551 1546 ·-
566 1503 615 1566 Sic
630 1503 782 1588 ignovisse
788 1513 899 1588 putato
1101 1491 1104 1495 ⁷

208 1599 259 1662 Me
273 1595 335 1676 ribi,
349 1602 496 1690 ricoinus
510 1600 597 1666 hodie
611 1625 735 1666 mecum.
750 1635 791 1646 --
808 1602 844 1666 Ut
859 1603 940 1668 libet.
955 1633 993 1647 -··
1008 1604 1095 1688 Ergo
1138 1657 1139 1661 ,

212 1701 285 1764 Post
299 1724 410 1765 nonam
425 1703 547 1782 oenicr3
568 1725 647 1765 nnnc
660 1704 681 1776 i,
696 1725 759 1764 rem
773 1713 912 1767 strennus
926 1725 1014 1788 noge:

207 1801 255 1867 Ut
268 1812 396 1865 ventum
411 1803 451 1866 nd
467 1822 599 1865 coenam
613 1811 670 1877 est,
684 1801 819 1868 dicenda
831 1803 966 1867 tacenda
979 1802 1111 1879 locutus,

205 1901 352 1966 'Tandem
367 1901 535 1986 dormitum
549 1901 720 1966 dimittitur.
765 1901 839 1979 Hic,
854 1903 907 1970 ubi
921 1924 1016 1990 saepe

206 2000 376 2069 Occultum
389 2001 473 2066 visus
486 2004 652 2067 decurrere
666 2001 759 2087 piscis
773 2003 814 2066 ad
830 2003 967 2081 hamum,

149 2155 154 2162 ,
206 2103 304 2170 Mane
320 2103 416 2168 cliens
429 2103 536 2190 etjam
551 2113 655 2170 certus
669 2104 810 2182 convive,
820 2103 948 2191 jubetur

207 2205 296 2272 Rura
310 2203 487 2268 suburbana
499 2203 622 2268 indictis
636 2225 743 2269 comes
758 2205 804 2269 ire
818 2204 948 2271 Latinis.

203 2304 374 2392 Impositus
388 2306 509 2370 mannis
523 2305 632 2370 arvum
647 2306 832 2392 coelumque
847 2305 1000 2372 Sabinum

207 2408 281 2473 Non
296 2415 398 2470 cessat
411 2405 547 2470 laudare.
590 2405 688 2470 Videt
701 2408 844 2492 ridetque
856 2406 1024 2494 Philippus,

206 2508 250 2575 Et
264 2505 412 2574 elbidum
425 2505 575 2589 requiem,
589 2507 664 2571 dum
679 2494 758 2570 risus
772 2506 909 2590 undique
924 2509 1055 2591 quaerit,

207 2607 293 2675 Dum
309 2616 429 2691 septem
444 2606 540 2670 donat
555 2605 704 2686 sestertia,
717 2616 826 2669 mutua
840 2617 962 2691 septem

206 2707 372 2783 Promittit,
385 2707 560 2791 persuadet,
575 2705 618 2770 uti
633 2716 792 2771 mercetur
806 2705 949 2792 agellum.

205 2808 381 2874 Mercatur.
422 2805 472 2871 Ne
487 2816 518 2869 te
532 2803 632 2892 longis
647 2805 832 2892 ambagibus
844 2805 926 2870 ultrn
960 2813 963 2822 '

96 2931 109 2944 ·
206 2908 312 2985 Quum
328 2908 401 2972 satis
415 2917 462 2970 est
477 2927 591 2986 morer,
604 2927 644 2971 ex
658 2905 757 2972 nitido
770 2907 805 2971 fit
818 2905 959 2983 rusticus,
973 2918 1066 2994 atque

206 3009 319 3073 Sulcos
332 3019 365 3072 et
380 3007 484 3072 vineta
498 3001 607 3092 crepat
621 3029 718 3086 mera,
731 3018 899 3094 praeparat
912 3007 1023 3086 ulmos,

207 3109 387 3177 Immeritur
400 3107 515 3184 studiis,
529 3118 562 3171 et
576 3129 683 3178 amore
698 3109 833 3173 senescit
847 3108 991 3174 habendi.

206 3209 335 3273 Verum
343 3207 395 3272 ubi
409 3228 484 3271 oves
497 3206 589 3285 furto,
604 3208 716 3273 morbo
729 3209 852 3294 periere
866 3208 1015 3296 capellae,
1110 3285 1114 3288 Δ

538 3565 686 3630 vnmous
701 3565 888 3618 resumes.

67 3767 138 3802 ssim
148 3752 221 3808 critic,
230 3753 298 3796 much
307 3766 367 3798 more
375 3751 430 3798 with
443 3751 580 3810 gaudentem
598 3754 643 3800 end
649 3769 705 3813 pnr-
763 3753 800 3800 69.
815 3753 942 3799 Glareanus
950 3751 1017 3799 sends
1033 3751 1196 3807 Prneridirret,
1212 3749 1260 3797 end
1273 3750 1363 3796 Lumbi·

62 3814 104 3857 nis
116 3809 238 3856 sodalibus
246 3810 298 3854 thsn
308 3811 346 3856 the
356 3825 458 3856 common
467 3810 562 3872 reading
571 3813 621 3858 hire
635 3818 703 3859 certo.
734 3827 776 3860 nne
783 3812 930 3858 Provisisset.

64 3871 153 3916 There
162 3871 190 3924 is,
200 3870 312 3925 however,
323 3885 336 3914 a
347 3869 399 3914 latsl
417 3865 528 3930 objection
546 3880 569 3916 to
577 3873 622 3918 this
630 3887 704 3921 emen·
763 3875 799 3919 ts.
815 3872 865 3918 One
883 3871 911 3916 os
920 3870 1034 3930 Bentley¹s
1052 3869 1125 3916 oldest
1137 3869 1205 3916 MSS.
1225 3869 1291 3918 omits
1303 3867 1363 3922 ffic,

64 3929 163 3986 darton,
173 3927 248 3974 which
265 3929 291 3982 is,
308 3927 356 3974 that
375 3927 440 3972 terrui
458 3940 527 3974 ceren
545 3929 637 3989 already
655 3946 704 3991 pre·
733 3931 779 3977 and
789 3944 931 3977 commences
940 3930 978 3974 the
987 3937 1092 3976 sentence
1108 3930 1166 3976 ester
1174 3928 1301 3974 dimittitw
1309 3928 1364 3974 with

60 3986 148 4034 cedes.
181 3987 289 4033 Gesner's
298 3985 391 4032 deterre
406 3986 431 4032 ul
442 3988 480 4036 the
497 4003 598 4034 common
618 3998 665 4036 text
684 3991 702 4036 is
733 3990 776 4036 titii·
794 4003 859 4050 qnae.
891 3987 950 4034 This
965 3989 1071 4035 omission
1088 3989 1108 4034 is
1124 3988 1234 4046 variously
1249 3986 1361 4048 snpplied.

60 4045 184 4108 perlectly
193 4053 295 4114 correct:
310 4047 402 4116 “lc'erlo
417 4043 473 4098 lure,
487 4062 514 4130 pp
533 4047 584 4094 talis
594 4048 702 4106 videntur,
733 4049 783 4118 The
798 4047 891 4106 [sydon
907 4047 958 4094 MS.
970 4048 1073 4106 together
1087 4048 1141 4116 with
1151 4048 1253 4118 another,
1262 4048 1304 4092 hes
1317 4045 1365 4116 ‘³⁸3

61 4103 393 4231 qugljemptrlgspplpggppits}
405 4105 512 4210 dhdedlso
521 4163 606 4212 Zarot’s
620 4165 703 4212 edition
731 4107 942 4224 ¹iddpsdlelhllile‘lllrit
950 4103 1365 4225 ‹llh'dhill‘odhhlghlvdlhihlhgoflldzc

62 4221 239 4268 havelrcettor
253 4221 311 4268 hbet.
342 4222 423 4268 lntlns
438 4237 499 4268 ssme
518 4225 562 4269 line
579 4225 704 4271 somerentl
733 4225 775 4270 est
783 4239 854 4282 serpe,
863 4222 910 4270 sud
925 4226 972 4270 thet
981 4225 1006 4268 ol
1017 4223 1116 4279 Qneen’s
1124 4226 1179 4270 with
1195 4238 1263 4282 many
1281 4223 1364 4290 others,

60 4279 703 4343 quonamquebutqnarrreqeeistoundmgoruMSS.
734 4283 834 4330 Hicubi
850 4297 919 4342 saepe.
952 4281 1003 4328 The
1022 4284 1144 4343 Giittingen
1163 4283 1213 4329 MS.
1234 4284 1274 4330 has
1295 4281 1363 4327 Hinc

60 4339 116 4384 and
129 4339 159 4384 is
176 4337 220 4385 ndo
237 4339 275 4384 ted
293 4343 322 4400 Ly
339 4341 434 4396 Gesner,
458 4341 585 4398 Oberlinus,
610 4343 703 4396 Combe,
734 4341 774 4388 nti·
791 4357 862 4402 saepe
901 4341 997 4400 Bentley
1016 4342 1132 4389 consitlers
1150 4343 1200 4389 Hie
1223 4340 1269 4387 sud
1292 4341 1364 4398 Ergo

60 4397 214 4452 Wakefield,
246 4398 319 4460 iring,
329 4398 374 4446 and
383 4402 464 4446 others.
733 4403 824 4462 eqnslly
850 4399 1029 4462 mdthonghhe
1039 4401 1105 4448 reads
1114 4403 1152 4446 the
1161 4401 1248 4451 lornser.
1278 4399 1363 4444 cunin-

96 4457 139 4502 6³.
158 4455 185 4501 In
195 4457 260 4518 place
268 4459 295 4503 ol
306 4460 343 4504 the
354 4473 456 4505 common
466 4458 558 4517 reading
567 4459 649 4530 Negat
658 4453 703 4516 tiu,
733 4418 881 4522 gumprelers
890 4460 967 4522 urge.
997 4457 1364 4526 Thebesteditionslollowssent·

57 4516 120 4560 four
127 4513 157 4560 ot'
168 4514 283 4575 Bentley’s
293 4516 358 4564 MSS.
366 4519 422 4563 heve
432 4517 511 4578 Neget
519 4518 565 4575 ille,
573 4519 646 4565 which
656 4521 704 4568 thet
734 4521 781 4580 ley.

57 4574 136 4641 critic
148 4573 242 4634 prefers.
272 4575 317 4620 We
337 4577 394 4622 hnre
412 4578 480 4638 given
500 4577 544 4625 this
561 4577 703 4628 emendation
763 4581 800 4624 82.
815 4575 937 4626 Msrlrlsnd
945 4579 1012 4626 reads
1019 4579 1143 4628 necares
1153 4580 1191 4637 (ne
1201 4579 1221 4623 tc
1231 4574 1362 4644 beritum·

56 4631 125 4679 with
135 4646 200 4690 spine
209 4633 234 4680 ot
246 4635 283 4680 the
294 4636 343 4682 best
353 4635 454 4684 editions.
734 4635 906 4699 bagibrsrltrn
915 4639 992 4696 onim
1000 4640 1058 4689 satis
1063 4645 1097 4687 est
1102 4640 1187 4696 morer)
1193 4632 1310 4689 ernstio,
1318 4632 1363 4677 ἀς·

1417 4752 1458 4880 l
