2975 4942
53 254 119 321 218
525 269 557 315 a.
572 238 708 309 aunarii
724 263 842 307 runem
897 272 900 280 =

187 433 316 498 Grande
330 428 447 494 indum
459 425 584 502 Turius,
598 424 711 509 siquid
726 446 760 489 se
771 424 877 510 judice
892 410 1002 487 certes.

184 534 239 610 Ut,
253 553 316 618 quo
330 530 460 616 quisque
475 526 568 602 valet,
581 536 743 611 suspectos
758 534 885 600 terreat,
898 534 993 608 utque

187 634 326 721 Imperet
339 632 401 696 hoc
413 641 524 693 natura
537 637 659 713 potens,
672 626 717 691 sic
731 625 844 711 collige
858 646 983 691 mecum
999 648 1007 687 :

186 734 291 800 Dente
304 732 404 817 lupus,
417 750 516 795 cornu
528 738 635 792 tauma
647 727 725 812 petit
737 751 746 801 ;
768 728 861 802 unde,
874 724 933 791 nisi
947 726 1029 791 intus

186 830 421 901 Monstrutuml
443 831 585 895 Scaevae
599 827 743 893 vivacem
757 828 852 901 erede
866 826 974 911 nepoti

188 936 345 1001 Matrem:
366 930 409 997 nil
422 929 516 996 faciet
530 928 657 1015 sceleris
670 927 723 1014 pia
735 929 876 994 dextera.
921 924 1065 1006 (Mirum,

189 1035 236 1101 Ut
249 1054 352 1118 nequo
366 1030 454 1096 calce
469 1029 560 1114 lupus
573 1048 774 1113 quemquam,
790 1046 893 1111 neque
906 1029 1002 1092 dente
1016 1022 1093 1112 petit
1106 1022 1189 1105 bos.)

191 1139 258 1201 Sed
271 1133 354 1200 mala
366 1131 454 1197 tollet
468 1152 563 1195 anum
578 1128 686 1194 vitiato
699 1128 792 1193 melle
808 1128 918 1192 cicuta

191 1236 242 1302 Ne
257 1235 384 1320 longum
398 1232 521 1308 facium,
534 1252 588 1295 seu
604 1251 656 1295 me
670 1228 836 1315 tranquilla
849 1239 994 1295 senectus

193 1338 376 1423 Exspectat,
390 1356 446 1399 seu
459 1354 544 1398 mors
555 1330 630 1395 atris
645 1328 850 1395 circumvolat
864 1328 930 1404 alis,
1052 1324 1057 1329 ’

193 1437 301 1513 Dives,
313 1437 413 1520 inops,
427 1435 560 1509 Romae,
574 1452 639 1508 seu,
654 1430 718 1496 fors
732 1432 776 1496 ita
786 1430 921 1518 jusserit,
935 1427 1032 1504 exsul,

194 1538 343 1622 Quisquis
355 1536 416 1601 erit
428 1533 521 1610 vitae,
535 1532 679 1609 scribam,
693 1532 790 1597 color.

620 1676 799 1764 Trebatius.
852 1710 854 1715 ·

837 1808 868 1873 0
880 1828 967 1893 puer,
980 1816 1015 1870 ut
1029 1806 1071 1868 sis

199 1913 320 1991 Vitatis,
333 1922 451 1993 metuo,
466 1921 499 1975 et
513 1911 665 1996 majorum
679 1930 721 1974 ne
735 1908 805 1993 quis
819 1907 938 1974 ainictu

199 2015 329 2101 Frigore
343 2024 376 2077 te
391 2009 491 2076 feriat.

624 2140 784 2206 Horatius.

586 2304 696 2383 Quidl
717 2326 814 2389 quum
829 2317 878 2370 est
891 2304 1029 2370 Lucilius
1043 2324 1134 2368 ausus

201 2409 324 2476 Primus
337 2406 370 2469 in
382 2406 466 2470 hunc
479 2406 583 2491 operis
596 2426 788 2491 componere
804 2406 943 2471 carmina
956 2424 1087 2479 morem,

202 2507 380 2577 Detrahere
393 2519 427 2571 et
440 2506 565 2592 pellem,
575 2506 691 2573 nitidus
705 2524 769 2591 qua¹
782 2508 911 2591 quisque
926 2526 984 2592 per
997 2526 1053 2569 ora

202 2610 351 2685 eederet,
365 2608 532 2671 intmrsum
545 2606 643 2692 turpis
655 2633 664 2683 3
685 2628 762 2674 num
775 2606 912 2685 Laelius,
927 2615 980 2671 aut
992 2605 1046 2689 qui

202 2710 301 2777 Duxit
314 2710 355 2773 ab
368 2728 519 2792 oppressa
532 2707 677 2772 meritum
692 2706 883 2793 Carthagine
897 2726 1023 2781 nomen,

205 2811 336 2898 Ingenio
349 2808 484 2873 offensil
505 2818 558 2872 aut
571 2808 658 2873 laeso
669 2808 798 2873 doluere
813 2807 955 2885 Metello,
1020 2888 1022 2891 Ι

206 2911 408 2995 Famosisque
422 2908 515 2993 Lupo
529 2920 681 2994 cooperto
693 2908 860 2973 versibusl
881 2908 978 2992 Atqui

204 3012 364 3077 Primores
377 3007 484 3093 populi
498 3008 635 3093 arripuit,
648 3007 861 3093 populumque
876 3007 1033 3081 tributim;

109 3120 114 3127 '
206 3111 336 3177 Scilicet
348 3109 402 3174 uni
415 3129 532 3193 aequus
545 3109 651 3173 virtuti
664 3120 758 3193 atque
773 3110 839 3196 ejus
853 3109 971 3173 amicis.

206 3212 292 3288 Quin
306 3210 360 3274 ubi
373 3232 407 3274 se
423 3209 549 3295 evulgo
562 3220 595 3273 et
610 3231 705 3275 scena
719 3210 750 3275 in
765 3221 887 3276 secreta
900 3208 1058 3275 remorant

207 3310 317 3374 Virtus
332 3309 498 3396 Scipiadae
512 3320 545 3373 et
558 3310 642 3375 mitis
656 3309 809 3395 sapientia
822 3310 921 3387 Laeli,

208 3410 329 3497 Nugan'
342 3431 415 3473 cum
429 3407 482 3473 illo
495 3420 529 3474 et
541 3409 685 3476 discincti
699 3410 817 3487 ludere,
830 3412 932 3476 donec

209 3512 449 3595 Decoqueretur
461 3509 538 3587 olus,
552 3511 641 3577 soliti.
685 3512 846 3597 Quidquid
861 3534 930 3576 sum
945 3530 1014 3599 ego,
1030 3511 1172 3596 quamvis

210 3612 300 3680 Infra
309 3610 413 3676 Lucili
426 3632 557 3675 censum
570 3613 800 3699 ingeniumque,
814 3624 919 3677 tamen
934 3634 984 3677 me
1034 3624 1036 3629 ’

211 3714 294 3806 Cum
309 3712 430 3797 magnis
444 3710 556 3776 vixisse
571 3712 667 3777 invita
680 3712 828 3787 fatebitur
840 3733 938 3798 nsque

547 3970 695 4026 vemens
711 3973 897 4025 REleNGS.

115 4124 152 4171 49.
169 4117 717 4179 Thecomnmneditionshave,siquissejudice
745 4120 768 4165 in
787 4121 850 4180 paint
868 4119 895 4167 ol
907 4118 1012 4178 Latlnlty.
1038 4120 1076 4166 lla
1093 4125 1203 4181 suspects,
1219 4125 1245 4165 at
1261 4118 1301 4164 the
1315 4132 1381 4165 sema

87 4184 164 4230 certet.
193 4178 239 4225 But
253 4180 290 4224 the
308 4178 475 4237 aarlyeditlons
488 4179 540 4237 give
553 4179 576 4224 el
589 4178 655 4237 quid,
670 4177 716 4223 and
745 4180 809 4233 time,
818 4182 867 4225 tlrst
877 4178 967 4225 liciace
977 4192 1029 4239 may
1037 4179 1095 4225 liare
1104 4178 1378 4238 writtanMneqse...

87 4245 150 4290 three
164 4239 193 4287 os
205 4237 395 4296 Bentley'sMSS.
412 4238 434 4283 si
450 4236 645 4295 qaid...mm.
670 4237 716 4283 We
741 4238 809 4295 petit.
1332 4266 1336 4277 .

87 4304 145 4347 have
155 4294 253 4359 adopted
263 4296 365 4341 thislaat.
391 4296 466 4342 “nou
480 4295 510 4341 de
520 4296 563 4344 hac
573 4296 669 4343 lectione
678 4295 719 4342 du·
777 4296 815 4342 65.
830 4296 925 4357 Bentley
935 4293 1002 4342 reads
1017 4296 1123 4351 Laelius
1140 4298 1161 4339 et
1177 4296 1227 4356 qul,
1243 4309 1273 4340 on
1287 4292 1325 4339 tlte
1341 4308 1383 4339 au·

88 4360 184 4416 bitere,”
193 4357 301 4401 omenes
310 4355 350 4399 tha
359 4362 424 4410 great
432 4355 503 4401 critic.
748 4355 865 4416 thorityol
878 4358 941 4403 three
956 4354 1023 4401 MSS.
1049 4356 1094 4402 llis
1108 4352 1220 4416 objecttan
1235 4362 1259 4399 to
1275 4350 1385 4407 tactim,

118 4418 155 4466 54.
172 4415 217 4459 We
227 4415 284 4458 lure
294 4411 400 4457 included
408 4412 464 4458 iram
472 4412 566 4459 Mirum
576 4422 600 4462 to
615 4414 655 4461 bos
668 4415 690 4460 in
705 4428 720 4459 a
747 4418 790 4459 cut
815 4415 840 4465 m·
854 4417 881 4469 is,
895 4416 943 4461 tlmt
959 4410 1042 4473 qffmsi
1056 4412 1101 4461 and
1112 4412 1211 4469 delum,
1224 4412 1251 4457 in
1267 4424 1332 4457 verse
1343 4410 1385 4463 67,

90 4472 237 4540 parenthesis,
247 4471 302 4517 with
312 4470 422 4537 During..
748 4429 827 4541 would¹
844 4476 897 4523 then
917 4475 945 4519 be
962 4474 1108 4543 respectivelp
1123 4471 1224 4539 offensus
1238 4469 1284 4516 aud
1298 4466 1385 4513 doluit-

119 4539 155 4582 5⁵.
177 4530 273 4588 Bentley
292 4526 360 4574 reads
375 4530 439 4583 velat.
458 4530 499 4573 bul
516 4533 631 4579 ceaddam
647 4536 719 4589 pact,
750 4531 795 4579 But
803 4531 848 4578 aad.
859 4532 910 4581 Ode
918 4534 939 4579 1.
950 4532 983 4578 ts.
996 4532 1017 4579 6,
1043 4529 1269 4588 VariousResdtngs.

91 4595 164 4641 which
175 4592 195 4636 is
204 4588 241 4632 the
251 4585 346 4646 reudlng
355 4586 381 4631 ol
392 4599 452 4632 mma
467 4586 544 4644 MSS,
558 4604 585 4637 as
593 4590 719 4653 ptslenble
733 4606 737 4621 t

303 4770 315 4818 Ι.

31 4863 105 4911 Β
