2975 4942
569 294 600 340 0.
612 288 750 333 HOM'l'll
767 281 880 331 ‘blflf'f

616 626 743 689 Staius
766 623 809 687 ll.

215 792 264 859 ΙΝ
284 792 425 861 VITAE
446 788 663 859 URBANAE
684 784 932 875 LUXURIAM
954 783 1015 850 ΕΤ
1035 780 1253 851 lNEP'l’lAS.

216 960 308 1039 Quae
321 958 427 1033 virtus,
440 970 474 1023 et
487 963 613 1043 quanta,
626 954 711 1031 boni,
720 953 761 1019 sit
774 953 880 1017 vivere
894 970 1002 1039 parvo,

216 1060 302 1146 (Nee
315 1080 404 1125 nnus
417 1057 469 1123 hic
482 1077 586 1122 sermo
600 1066 659 1132 est,
672 1054 728 1118 sed
741 1075 837 1140 quem
851 1050 1011 1138 praeoepit
1026 1048 1146 1115 Ofellus

215 1158 372 1234 Rusticus,
385 1157 544 1223 abnormis
556 1156 691 1242 sapiens,
703 1174 872 1239 crassaque
884 1150 1044 1236 Minerua)

208 1257 346 1335 Discite,
356 1279 421 1325 non
434 1259 517 1323 inter
527 1256 633 1323 lances
647 1274 834 1339 mensasque
849 1254 992 1329 nitentes,

218 1359 325 1435 Quum
338 1368 442 1443 stupet
456 1356 571 1429 insanis
584 1356 670 1421 acies
683 1354 864 1440 fulgoribus,
875 1363 908 1417 et
921 1372 1017 1437 quum

216 1458 356 1526 Aeelinis
367 1458 451 1521 falsis
465 1456 586 1521 animus
598 1454 729 1519 meliora
740 1464 865 1518 recusat
878 1478 886 1529 ;

216 1560 338 1625 Verum
351 1558 403 1622 hie
415 1555 565 1643 impransi
578 1566 704 1620 mecum
716 1553 886 1638 disquirite.
901 1586 942 1599 -·-
957 1551 1022 1616 Cur
1031 1552 1114 1615 luc?

219 1660 345 1737 Dicam,
359 1658 386 1722 si
398 1668 518 1743 potero.
561 1654 649 1722 Male
662 1676 774 1719 verum
786 1653 945 1719 examinet
958 1652 1060 1717 omnis

219 1760 393 1843 Gonuptus
402 1758 510 1843 judex.

578 1856 737 1942 leporem
752 1865 897 1932 sectatus,
907 1872 1030 1939 equove

217 1962 333 2026 Lassus
347 1961 388 2025 ab
402 1952 562 2035 indomito,
574 1958 636 2034 vel,
649 1958 675 2023 si
688 1958 835 2025 Romana
847 1956 956 2043 fatiget

217 2060 332 2128 Militia
345 2071 502 2124 assuetum
515 2058 668 2144 graecari,
681 2080 736 2123 seu
751 2058 814 2147 pila
827 2057 927 2133 velox,

218 2160 359 2226 Molliter
372 2170 532 2224 austerum
546 2158 649 2223 studio
663 2160 790 2223 fallente
805 2157 955 2235 laborem,

221 2263 287 2326 Seu
300 2271 332 2325 te
346 2260 450 2325 diseas
463 2261 527 2345 egit
539 2285 548 2335 3
568 2269 643 2343 pete
657 2260 824 2325 sedentem
838 2266 912 2325 aere
923 2260 1011 2329 diseo
1020 2282 1034 2323 ⁸:

222 2360 330 2438 Quum
343 2358 432 2423 labor
444 2360 599 2425 extuderit
613 2358 745 2435 fastidia,
760 2360 870 2437 siccus,
884 2360 995 2437 inanis,

221 2461 345 2545 Sperne
361 2459 466 2524 eibum
480 2459 595 2534 vilem;
616 2458 674 2523 nisi
688 2457 853 2544 Hymettia
866 2459 959 2525 mella
971 2459 1105 2527 Falerno
1346 2453 1383 2517 l5

218 2561 270 2627 Ne
285 2560 401 2625 biberis
413 2560 519 2625 diluto.
562 2560 653 2627 Foris
665 2571 715 2627 est
727 2582 867 2643 promus,
879 2573 913 2624 et
925 2574 1028 2625 atrum

218 2659 403 2726 Defendens
416 2660 519 2745 pianes
532 2659 651 2725 hiemat
664 2680 774 2752 niam
796 2682 869 2729 cum
885 2660 949 2727 sale
963 2660 1053 2745 panis

219 2762 404 2847 Latrantem
415 2761 611 2826 stomachum
625 2760 707 2825 bene
721 2760 824 2826 leniet.
869 2762 964 2827 Unde
979 2760 1093 2847 putasl
1115 2769 1170 2825 aut

220 2850 284 2941 Qui
297 2862 446 2948 partuml
469 2862 499 2926 N
500 2883 542 2927 on
556 2862 589 2927 in
602 2882 678 2927 caro
690 2862 801 2929 nidore
815 2864 958 2949 voluptas

221 2964 524 3040 Summasedinte
539 2964 678 3047 ipsoest
721 2962 774 3027 Tu
786 2964 993 3051 pulmentaria
1006 2985 1123 3049 quaere
1347 2960 1389 3023 20

227 3065 398 3130 Sudandoz
420 3064 568 3149 pinguem
581 3064 663 3129 vitiis
677 3064 843 3150 albumque
856 3086 961 3151 neque
972 3076 1077 3133 ostrea

224 3165 296 3228 Nec
309 3184 416 3229 suanm
430 3175 484 3228 aut
496 3164 611 3250 poterit
625 3166 791 3251 peregrina
801 3166 911 3252 juvare
925 3161 1033 3252 lagois.

221 3264 287 3328 Vix
298 3274 406 3328 temen
418 3264 558 3350 eripiam,
569 3265 673 3351 posito
686 3286 819 3351 pavone,
833 3266 912 3330 velis
927 3267 1001 3353 quin

223 3364 298 3429 Hoc
311 3364 422 3449 potius,
436 3387 531 3450 quam
544 3366 667 3452 gallina,
680 3378 804 3452 tergere
819 3367 967 3453 palatum,

222 3464 398 3549 Corruptus
410 3468 499 3531 vanis
509 3489 624 3544 rerum,
637 3468 710 3554 quia
723 3481 837 3535 veneat
851 3491 929 3535 auro

222 3566 311 3633 Rara
325 3566 391 3631 avis
404 3579 437 3633 et
450 3569 536 3655 pieta
547 3573 663 3654 pandat
677 3570 858 3657 spectacula
871 3572 991 3647 cauda3

158 3740 165 3747 ι
180 3739 209 3747 „n
218 3735 378 3745 ι-ο--ο-ν-ο·

586 3828 734 3886 VARIOUS
753 3830 942 3885 READBNGS,

674 3975 730 4024 Sn-
739 3980 762 4024 2.

126 4116 147 4160 l.
163 4114 236 4173 Mnny
251 4111 319 4161 MSS.
340 4112 385 4161 ond
394 4115 458 4173 early
470 4113 565 4161 editions
574 4115 632 4162 heve
647 4115 720 4173 bonis,
749 4117 843 4163 whence
853 4118 1391 4179 Bentleyisleadtosoggestezpulerimmd·

96 4174 171 4220 which
180 4173 228 4218 Fen
237 4172 348 4219 andremo
357 4176 422 4219 other
430 4183 508 4220 recent
516 4174 597 4221 editors
606 4174 681 4234 adopt
718 4192 719 4195 ¹
750 4178 789 4236 ing
798 4178 872 4223 which
882 4179 911 4224 lie
920 4178 988 4225 found
1003 4180 1026 4225 in
1036 4181 1073 4225 tlte
1089 4176 1198 4225 flodoin
1213 4170 1281 4223 MSS.
1299 4177 1390 4237 “qnud

125 4236 147 4278 2.
162 4230 252 4278 Instead
268 4233 294 4276 ot
313 4246 378 4292 quoe,
396 4234 432 4278 the
448 4247 551 4279 nominoe
570 4234 671 4293 reading,
686 4248 721 4281 we
751 4235 864 4297 Ericen-pte
874 4237 1004 4293 Bodleinnn,
1016 4239 1088 4292 annis,
1104 4238 1190 4297 opinor,
1200 4237 1283 4282 abhinc
1292 4235 1389 4282 CCCC.

96 4292 229 4353 havegiven
254 4292 369 4335 uemwitli
387 4290 482 4351 Bentley
492 4292 537 4336 ond
551 4288 722 4349 others,onthe
752 4296 1219 4353 aeripuerimutoromihiexhtmemnw

97 4351 210 4407 authority
257 4349 319 4393 three
327 4348 429 4395 mesot
439 4350 598 4398 Torrentius’s.
783 4354 818 4399 192
833 4355 968 4415 Conluganr,
981 4372 1010 4403 on
1029 4371 1090 4402 niem
1099 4353 1235 4411 coniectore,
1250 4354 1315 4415 gives
1334 4366 1392 4400 euro

127 4408 149 4477 ⁴:
165 4408 295 4466 onningun
311 4406 377 4451 mes
394 4420 443 4452 m
460 4410 649 4458 consumma·
662 4426 725 4459 meo
754 4423 802 4458 mn
814 4414 842 4459 sa
859 4412 984 4471 „samos
994 4416 1068 4461 wirce
1088 4403 1389 4474 sn'tmicniyoums.

97 4474 234 4527 conjectore.
756 4477 845 4529 “qunrn
852 4476 1041 4533 grataamibus'’

128 4526 163 4571 ll
179 4523 206 4569 ln
225 4520 325 4580 plnoeol'
334 4518 454 4576 extuderit,
464 4533 522 4588 usust
538 4526 565 4570 of
576 4526 726 4576 Torrentius's
781 4530 818 4576 24.
835 4530 936 4579 Serneof
946 4530 1266 4590 penitissimarum,

99 4584 170 4630 MS&
191 4582 237 4628 aod
266 4594 328 4628 some
345 4580 373 4624 os
396 4580 510 4639 Bentley’s
535 4585 587 4640 give
611 4589 725 4644 consterit,
