2975 4942
8 4810 77 4895 Ι

580 245 611 299 a.
627 242 761 288 uoasrm
778 244 895 287 rancor

582 570 723 636 Csauan
744 566 899 637 XXVIII.

622 764 686 830 AD
706 762 873 831 LYDEN.

357 930 452 996 Festo
465 930 541 1015 quid
553 932 656 1016 potius
669 930 723 995 die
792 954 794 965 ·

398 1029 538 1116 Neptuni
552 1029 688 1095 laeiaml
711 1027 828 1096 Prome
842 1029 1050 1109 moonditum,

359 1129 451 1215 Lyde
465 1139 599 1208 nrenua,
614 1131 809 1207 Caecubum,
879 1166 883 1173 ·

401 1228 604 1315 Munitaeque
618 1230 732 1296 adhibe
746 1229 814 1296 vim
827 1230 1007 1314 sapientiae.

359 1328 515 1394 lnelinare
531 1330 695 1394 meridiem

399 1429 524 1493 Sentim
547 1450 595 1505 ae,
608 1428 703 1493 veluti
718 1438 780 1493 stet
794 1427 930 1493 volueris
944 1428 1020 1503 dies,

358 1526 467 1593 Parcis
480 1529 626 1614 deripere
640 1529 754 1593 horreo

402 1626 589 1694 cessantem
602 1628 706 1693 Bibuli
720 1626 866 1695 Consulis
880 1628 1087 1715 amphoram?

360 1725 428 1791 Nos
437 1728 634 1794 'cantabimus
647 1728 784 1793 invioem

400 1826 593 1914 Neptunum,
607 1840 640 1893 et
654 1830 769 1895 virides
783 1828 958 1897 Nereidum
972 1828 1104 1897 choros:

357 1928 410 1995 Tu
424 1950 521 1994 curva
535 1929 658 1994 recines
671 1928 740 2015 lyra

403 2028 569 2106 Latonam,
583 2039 616 2095 et
629 2029 740 2096 celeris
756 2031 875 2117 spionia
888 2028 1062 2117 Cynthiae:

360 2128 494 2194 Summo
506 2130 656 2208 carmine,
670 2151 751 2216 quae
766 2132 895 2198 Gnidon

403 2227 634 2315 Ihdgentesque
647 2241 735 2296 tenet
750 2230 918 2317 Cycladas,
930 2241 964 2295 et
977 2229 1107 2315 Paphon

360 2325 482 2392 Junctis
496 2328 568 2394 visit
581 2329 718 2397 oloribus
726 2353 738 2417 't

299 2433 301 2436 ’
406 2426 539 2495 Dioetur
552 2429 665 2495 merita
678 2430 752 2497 Nox
766 2434 891 2523 quoque
905 2434 1025 2499 naenia.

601 2700 743 2766 Canunn
765 2698 886 2767 XXIX.

540 2871 605 2939 AD
626 2871 961 2942 MAECENATEM.

365 3047 532 3132 Tyrrhena
545 3067 656 3142 regum
670 3050 846 3136 progenies,
859 3048 916 3114 tibi

361 3145 436 3212 Non
450 3159 523 3213 ante
536 3169 630 3213 verso
644 3149 716 3214 lene
731 3170 854 3213 merum
868 3148 959 3223 eado,

407 3246 491 3316 Cum
504 3248 592 3325 flore,
603 3247 786 3325 Maenadas,
801 3268 952 3325 rosetum,
965 3258 997 3315 et

449 3348 564 3414 Pressa
576 3349 637 3415 tuis
649 3348 780 3414 balanus
794 3347 913 3435 capillis

591 3611 742 3684 vamous
758 3610 945 3673 manthos.
987 3624 989 3629 ·

703 3764 805 3812 Onessl.

139 3885 164 3931 2.
178 3884 273 3945 Bentley
285 3884 405 3931 mlotains
423 3884 473 3930 thet
487 3881 551 3945 Lyde
566 3895 615 3929 ves
629 3882 667 3929 the
684 3884 739 3930 mis·
796 3882 818 3929 7.
834 3880 885 3929 I'hs
904 3882 990 3929 Valeo
1004 3880 1091 3929 edition
1108 3880 1155 3929 end
1169 3882 1218 3929 that
1228 3880 1261 3928 ‘ot
1272 3880 1405 3929 Glemona

111 3942 691 3999 mnottbeelevomflloreoenndthetestbe
699 3958 737 3988 en-
767 3940 938 4001 readdinpere.
1143 3946 1145 3951 ’

110 4002 554 4063 terteionieutnestotnhepleoenotet
570 4002 608 4048 the
622 4003 738 4061 post'srs·
797 4004 818 4047 8.
834 4000 1196 4048 Tbeoommontexthmmerk
1211 3998 1405 4049 deuteroseon

112 4059 206 4109 sidence
215 4059 661 4119 botberonmsoca‘ommustbenltered
669 4060 738 4118 tofe-
767 4058 970 4120 sturmitphoroen
1001 4057 1406 4107 WelmveeubetitutedtbeIntei-ro

112 4119 168 4166 οἰω.
204 4117 258 4163 And
276 4120 304 4163 be
322 4121 436 4172 observem
455 4121 616 4166 “ornninoioe
641 4134 679 4165 om
697 4126 739 4174 est,
769 4122 844 4181 gatioo
854 4134 878 4164 os
887 4119 954 4166 much
963 4132 1026 4165 more
1035 4117 1133 4178 eplritod.

112 4175 175 4238 quod
185 4176 424 4225 oroneeblceditiones
437 4178 550 4234 exhibent,
565 4127 738 4237 mefncioen:
799 4182 834 4226 lt).
851 4177 901 4224 The
911 4192 1014 4225 cntnmou
1033 4176 1129 4238 reading
1144 4177 1164 4223 ie
1181 4188 1265 4230 metue.
1281 4174 1318 4222 lot·
1326 4172 1407 4221 which

170 4236 176 4249 '
192 4236 240 4296 ipse
257 4249 287 4280 ex
301 4250 341 4283 suo
356 4252 417 4297 peon
440 4237 571 4286 Caecubum
598 4237 740 4297 praeberet”
768 4239 869 4285 webeve
894 4236 1034 4283 issncltorot
1049 4251 1079 4282 ou
1095 4238 1133 4283 the
1146 4235 1257 4294 eudrority
1273 4235 1300 4280 ol
1319 4249 1366 4281 one
1384 4230 1412 4279 ot

112 4250 434 4354 ffimmhgistartrom
443 4295 589 4355 satisfactory.
618 4295 739 4341 Zeuneob
768 4296 844 4344 dani’e
897 4297 920 4343 S.

115 4472 172 4516 bere
201 4470 280 4528 Ergo.
290 4470 352 4515 ἀφ’*
384 4469 429 4515 We
438 4486 477 4516 ers
487 4427 741 4534 mowin'vuevsmo
770 4448 909 4531 Reatina*

113 4528 665 4590 sdopttboopiniootbettbeeotertsinmauttook
675 4530 740 4590 place
1029 4528 1084 4577 One
1098 4530 1133 4577 29.

113 4586 260 4650 ettbepost's
267 4601 319 4632 own
327 4585 409 4641 ebode,
419 4584 465 4632 end
474 4588 593 4646 tbetLyde
603 4602 650 4633 was
657 4588 695 4633 the
705 4603 742 4635 sn·

114 4645 271 4706 perimendent
280 4645 307 4691 ot
316 4646 351 4691 his
360 4644 490 4690 hunebold.
800 4649 823 4691 2.
839 4645 1109 4695 Bmdaeusbosversum.
