2975 4942
638 212 642 220 ’
657 233 878 304 Ριιοοεωιωιρ

116 426 205 504 tuli:
244 427 281 500 in
309 423 382 498 hae
398 435 514 522 ‘parte
544 421 711 498 laborum
740 449 917 515 meorum,
947 407 1116 527 flagranti
1142 430 1275 519 studio,
1300 452 1402 507 eum·
1482 416 1483 505 J

119 578 254 655 meque
273 566 421 644 conatu,
440 553 625 639 contendi,
654 554 794 643 sudavi,
824 579 971 630 emnem
994 581 1148 655 operam
1164 571 1274 658 atque
1307 583 1401 658 opes
1482 558 1483 563 ’

118 685 320 762 collocavit
342 683 509 783 judicent
538 669 724 758 dectieres
755 684 787 757 ei
811 684 949 783 aliquid
982 701 1123 762 vereat
1155 688 1264 786 digne
1281 688 1412 786 perse?
1482 772 1483 781 p

117 816 243 894 aerim.
294 811 406 904 Quod
419 808 601 884 adNotas
617 807 867 909 Philologices
880 813 1022 902 attinet,
1034 837 1259 914 magnopere
1273 839 1402 891 vereor
1482 788 1483 803 ἵ

116 968 165 1022 ne
193 941 316 1018 multis
345 937 596 1038 longissimae,
624 937 786 1034 pluribus
819 962 968 1036 prorem
1006 941 1151 1018 inutiles
1183 957 1400 1042 appareant.

115 1069 249 1168 Neque
265 1069 409 1144 mirum.
460 1063 560 1140 Nam
573 1065 611 1138 in
640 1064 714 1141 hae
729 1076 828 1140 terra
848 1068 911 1142 ubi
933 1092 1043 1143 verae
1073 1070 1285 1146 eruditionis
1301 1073 1399 1148 rudi-

115 1210 241 1276 menta
264 1186 323 1274 iix
345 1195 471 1294 primis
495 1193 684 1292 attigimus
706 1194 830 1283 lebria,
854 1207 893 1271 et
906 1197 972 1271 ubi
989 1197 1102 1272 altum
1121 1199 1306 1274 silentium
1323 1201 1401 1277 alta

117 1327 286 1404 doctrina
321 1322 536 1423 appellatur,
578 1323 689 1421 pauei
723 1322 940 1421 disciplinae
968 1323 1216 1426 philologieae
1254 1330 1400 1428 seipsos

116 1455 390 1541 commendant,
406 1451 602 1565 pepeiores
627 1451 684 1526 vel
700 1452 887 1528 levissima
910 1444 1096 1531 curarem
1111 1455 1263 1554 dignam
1278 1451 1401 1535 existi·

74 1663 76 1672 ,
116 1596 241 1660 mant:
266 1594 306 1658 et
321 1579 421 1656 haud
436 1579 517 1656 acie
531 1603 579 1653 an
595 1602 662 1680 pro
685 1602 772 1654 mea
801 1580 901 1655 fama
915 1580 1046 1657 melius
1071 1595 1182 1681 atque
1200 1585 1402 1662 consultius

115 1737 191 1791 nen
215 1712 387 1814 egissem,
411 1711 455 1799 si,
483 1708 716 1811 philologieis
750 1712 952 1788 rationibus
974 1713 1132 1802 emissis,
1159 1714 1209 1789 ad
1236 1738 1317 1790 rem
1342 1741 1403 1791 ex-

116 1843 313 1944 egetieam‚
326 1863 483 1938 eamque
495 1862 667 1914 maneam
683 1851 795 1938 atque
812 1839 970 1916 debilem
987 1840 1083 1916 vires
1099 1842 1334 1942 animumque
1350 1845 1403 1918 in-

116 1966 489 2048 tendissem-Fexit
505 1979 630 2064 autem
655 1965 770 2055 Deus,
794 1979 836 2042 ut
852 1969 901 2044 ad
917 1969 1066 2044 saniora
1082 1981 1121 2045 et
1136 1969 1301 2049 feliciora
1313 1996 1403 2050 cen·

113 2098 200 2178 eilia
216 2095 483 2194 quamprimum
500 2095 698 2174 veniama.

115 2300 121 2310 '
196 2291 362 2354 aliusnon
375 2289 495 2364 mee‚‘in
508 2290 639 2352 Aedibus
650 2290 850 2355 Academicis.
912 2384 917 2395 x

235 2423 269 2467 m
279 2403 351 2468 Kel·
364 2401 459 2482 April·
474 2419 568 2466 emm
580 2420 637 2466 ece
649 2421 718 2464 xxx.
