2975 4942
551 372 727 419 assuuntur
742 372 806 419 tra.
823 374 846 432 ι,
859 354 890 419 3.

215 520 361 599 Quamvis
375 540 489 595 crassa,
504 528 602 605 purat.
645 518 763 587 Decies
777 530 911 585 centens
923 518 1063 586 dedisses

214 616 300 685 Huic
312 640 420 705 parco,
432 619 540 705 puuds
555 630 715 698 contento,
727 622 865 705 quinque
878 620 988 687 diebus

212 718 266 785 ant
280 732 348 785 erat
360 720 395 785 in
407 718 526 786 loculis.
569 720 691 787 Noctes
704 720 852 808 vigilabat
865 717 907 787 ad
921 722 1023 807 ipsulm

211 816 332 897 Mane3
352 818 438 887 fflem
449 830 552 887 totum
565 822 727 890 stertebat.
772 822 826 888 Nil
840 822 897 887 linit
910 842 1048 907 unquam
1167 845 1169 854 ’

213 919 268 985 stc
282 919 384 1007 impar
397 922 465 987 sibi.

424 1019 520 1089 Nunc
532 1023 643 1108 aliquis
655 1020 741 1089 dicat
755 1022 840 1099 milri,
853 1021 937 1102 Quid
951 1028 1010 1101 tu?

210 1120 348 1185 Nullane
362 1122 454 1187 lates
467 1124 570 1188 vitiu?
592 1123 664 1189 lmo
676 1123 793 1201 aliast
807 1122 939 1189 sonasse
953 1123 1084 1189 minore.

213 1218 359 1287 Maenius
373 1222 537 1317 absentem
550 1222 688 1292 Novium
699 1243 799 1309 quun
813 1234 968 1311 carperet,
984 1222 1066 1289 Heus
1080 1236 1121 1300 tu,

212 1320 349 1397 Quidam
363 1316 415 1401 ait,
427 1325 554 1409 ignoras
569 1330 623 1387 te?
643 1346 687 1388 su
697 1336 732 1389 ut
745 1326 885 1409 ignotum
899 1322 973 1388 dare
987 1324 1075 1388 nobis

217 1420 313 1485 Verbo
324 1429 443 1509 putus?
464 1425 595 1510 Egomet
609 1424 653 1489 mi
666 1428 802 1510 ignosco,
818 1425 964 1491 Maenius
979 1425 1087 1510 inquit.

213 1521 333 1587 Stultus
345 1535 378 1589 et
391 1525 552 1611 improbus
565 1524 617 1591 hic
629 1546 721 1591 amor
732 1537 782 1591 cst
794 1528 967 1613 dignusque
982 1526 1092 1591 notam

213 1621 321 1701 Quum
333 1635 388 1690 tua
400 1626 566 1709 pervideas
578 1626 677 1691 oculis
690 1626 773 1693 tnsle
788 1626 890 1711 lippus
903 1626 1047 1702 inunctis,
1113 1654 1129 1677 ·

214 1722 283 1789 Cur
294 1725 327 1789 in
341 1725 515 1802 amicorum
527 1726 609 1791 vitiis
622 1737 687 1792 tam
701 1728 806 1792 cernis
820 1738 957 1802 acutum,

213 1825 319 1902 Quam
332 1836 387 1891 aut
399 1826 503 1914 aquila
512 1837 567 1893 aut
580 1848 712 1913 serpens
726 1814 938 1913 Epidauriusl
984 1826 1029 1891 At
1045 1824 1101 1891 tibi
1114 1835 1225 1891 contra

214 1926 339 2003 Evenit,
351 1927 509 2012 inquirant
521 1928 597 1993 vitiu
609 1938 644 1993 ut
657 1939 712 1993 tua
724 1950 830 1993 narsus
844 1938 877 1993 et
890 1927 942 2012 illi.

211 2026 397 2093 Iracundior
409 2040 458 2093 est
472 2027 588 2117 purdo;
608 2030 711 2094 minus
723 2041 815 2115 aptus
829 2031 928 2095 acutis

210 2127 349 2195 Naribus
362 2129 475 2195 nomm
489 2130 671 2206 hominum
692 2130 788 2195 rideri
800 2131 910 2217 possit,
922 2150 963 2196 eo
976 2130 1061 2216 quod

215 2223 375 2295 Rusticius
387 2239 481 2295 tonso
492 2240 570 2316 toga
581 2230 701 2308 defluit,
712 2241 746 2296 et
759 2231 843 2296 male
857 2231 944 2296 laxus

212 2330 252 2395 ln
264 2330 348 2415 pede
361 2328 488 2396 calcem
501 2332 610 2397 haeret
621 2352 631 2398 z
653 2341 686 2397 at
700 2342 749 2397 est
761 2332 872 2410 bonus,
885 2342 920 2398 ut
934 2333 1046 2397 melior
1058 2331 1106 2397 vir

214 2429 288 2495 Non
302 2428 380 2495 alius
393 2431 559 2516 quimuum
573 2454 583 2508 ς
604 2432 706 2521 attibi
719 2434 839 2499 amicus
851 2458 860 2510 ς
882 2444 915 2498 at
929 2434 1087 2519 ingenium
1101 2432 1211 2518 ingens

209 2528 334 2595 Inculto
347 2528 423 2595 latet
435 2530 498 2595 hoc
510 2532 569 2596 snb
582 2552 735 2619 corpore:
756 2533 892 2618 denique
908 2544 939 2599 te
954 2534 1056 2617 ipsum

209 2629 364 2708 concute,
376 2619 453 2697 niun
467 2652 531 2717 qua
543 2627 599 2699 tibi
612 2634 759 2698 vitiorum
773 2634 921 2698 inseverit
934 2633 1008 2697 olim

212 2729 334 2799 Natura
346 2732 508 2797 autetiam
522 2734 717 2801 consuetudo
730 2732 832 2797 malas
853 2754 989 2817 namque

212 2830 376 2918 Neglectis
388 2834 509 2898 urenda
520 2833 586 2898 filix
599 2834 772 2899 innascitur
785 2832 878 2919 agris.
965 2864 996 2891 ω.

253 2933 333 2999 Illuc
345 2945 602 3019 praevertemur:
623 2945 797 3000 amatorem
812 2936 897 3020 quod
911 2932 1031 2999 amicae

215 3034 336 3121 'hirpin
347 3036 508 3121 decipiunt
521 3058 654 3101 caecum
667 3036 752 3113 vitia,
767 3048 819 3102 uut
834 3036 929 3103 etiam
943 3035 1011 3121 ipsa
1024 3034 1103 3099 haec

211 3132 391 3213 Delectant,
402 3137 499 3202 veluti
513 3135 681 3205 Balbinum
695 3138 830 3225 polypus
843 3136 988 3223 Hagnae.

210 3236 336 3302 Vellem
350 3237 383 3303 in
396 3238 533 3305 amicitia
547 3238 592 3303 sic
605 3256 792 3316 erraremus,
807 3248 840 3303 et
854 3238 904 3302 isti

210 3339 321 3406 Emori
335 3358 452 3405 nomen
465 3338 564 3405 virtus
576 3340 730 3425 posuisset
743 3339 918 3405 honestum.

210 3440 255 3505 At
268 3448 360 3525 pater
371 3451 406 3504 ut
418 3441 514 3525 gnati,
528 3439 574 3504 sic
587 3457 646 3504 nos
659 3440 812 3505 debemus
826 3439 929 3514 amici,

566 3886 715 3940 vnulous
731 3886 919 3939 Rssamnus.

100 4044 147 4099 2⁰.
161 4047 200 4095 alt
210 4048 248 4093 tlte
256 4044 326 4095 MSS.
335 4044 381 4091 sard
390 4045 422 4091 all
431 4045 468 4091 tlte
482 4043 546 4103 early
555 4040 651 4089 editions
661 4058 710 4104 pre·
739 4058 754 4087 a
765 4049 815 4102 part
823 4042 850 4089 ol
862 4042 908 4089 this
922 4038 1072 4087 emendation.
1103 4036 1208 4085 Sansdon
1224 4036 1292 4085 reads
1302 4050 1372 4097 prut-

63 4114 143 4162 vious
151 4115 176 4155 to
184 4107 221 4153 the
230 4108 284 4159 tinia
292 4107 318 4153 ol
329 4102 401 4153 Aldus
409 4105 467 4149 have
476 4108 497 4148 st
504 4100 619 4161 sortasse.
635 4117 662 4149 as
676 4118 711 4149 us
741 4104 819 4147 tersae

63 4174 136 4221 have
146 4167 216 4227 ςίνοιι
230 4166 254 4211 it.
277 4163 354 4215 ,Aldus
367 4163 414 4210 linat
424 4161 479 4210 read
488 4158 674 4220 lnudsartasre,
689 4162 711 4207 in
770 4162 806 4207 35.
822 4158 943 4207 Markland
952 4156 1094 4219 conjectures
1104 4154 1201 4223 Excute.

63 4228 156 4277 tshich
166 4226 195 4271 he
205 4222 337 4271 istollosred
346 4225 376 4283 by
384 4238 399 4268 a
408 4222 451 4269 terr
462 4222 598 4280 subsequent
608 4220 710 4267 editions
770 4222 806 4265 38.
821 4216 943 4267 Markland
952 4218 1023 4279 gives,
1040 4217 1089 4263 also
1098 4230 1127 4261 on
1136 4221 1274 4277 conjecture,
1287 4216 1374 4264 amulo·

63 4292 166 4339 Baxter
181 4282 312 4331 introduced
328 4282 470 4342 alfortense
487 4282 534 4327 into
548 4280 583 4327 lris
600 4288 655 4337 test,
672 4281 713 4325 but
741 4292 832 4339 remque
841 4282 874 4324 ut.

64 4340 538 4402 Gesanrrcstoresthegenuinsreading.
645 4344 647 4354 '
770 4338 807 4385 4⁰.
823 4337 874 4383 The
891 4336 977 4383 Venice
991 4333 1075 4380 edition
1092 4334 1118 4379 ot
1131 4333 1191 4379 lass
1203 4334 1246 4381 has
1262 4332 1375 4393 Hagnae,

102 4408 145 4453 2⁵.
162 4402 214 4449 Tae
223 4416 326 4449 cominu
335 4400 429 4461 reading
438 4400 459 4447 is
465 4396 583 4460 pervideas
590 4396 634 4450 aad
642 4397 712 4445 suls.
741 4398 817 4445 which
836 4397 854 4441 is
873 4394 941 4443 lurnd
961 4396 984 4441 in
1003 4408 1070 4453 many
1090 4392 1167 4451 MSS„
1191 4393 1238 4439 and
1256 4392 1374 4453 generally

64 4464 186 4523 Bentley,
196 4460 390 4515 donaemuthe
399 4458 642 4519 authorityolasiaglc
652 4456 713 4513 MS..
741 4454 848 4517 adopted.
876 4454 951 4510 Sotae,
965 4458 1047 4519 amorrg
1062 4453 1136 4499 whom
1152 4468 1192 4498 aaa
1207 4450 1313 4499 Sansdon
1327 4451 1374 4499 aad

63 4522 147 4577 mdo
164 4520 300 4581 praesidens
317 4520 352 4579 (in
365 4521 402 4567 the
419 4531 485 4569 mse
499 4518 524 4564 ol
535 4514 713 4575 praeteruideos,
743 4514 890 4576 Valart,giue
901 4514 1073 4573 Hagmatmm
1083 4512 1307 4581 theGraeltfaymf.
1328 4512 1372 4580 Aa

63 4578 300 4691 maligma&
308 4579 502 4684 othtpcfiaapetlrprity
510 4576 535 4625 ct'
541 4576 627 4682 senff
637 4575 715 4681 iffi
742 4572 876 4681 2:5³⁵&
892 4572 950 4629 Fen,
966 4572 1020 4619 both
1037 4572 1106 4621 forms
1119 4586 1187 4619 occur
1202 4584 1226 4645 ur
1242 4576 1333 4617 annuat
1341 4584 1372 4616 tn-

260 4654 269 4690 ι·
782 4652 787 4680 ι
863 4666 868 4677 .

65 4706 93 4751 in
103 4698 261 4749 cwstructiou
270 4650 714 4757 lilrllmslepamuqlpullfflvsatlopltid
772 4650 808 4741 ll).
824 4691 947 4741 ltlarkland
956 4690 1178 4755 conjecturasgnuto
1186 4686 1231 4737 sud
1241 4679 1320 4733 unum.

720 4749 764 4817 36
