2975 4942
464 920 516 1007 Q·
538 920 780 997 ΗΟΒΑΤΠ
805 920 1005 997 FLACCI

363 1174 1111 1281 CARMINUM

512 1520 685 1595 LIBER
704 1518 960 1597 TERTIUS.

653 2006 790 2067 cmo
803 2005 828 2067 1.

351 2210 414 2274 Odi
426 2210 592 2294 proiimum
603 2210 715 2297 vulgus
727 2221 761 2275 et
776 2230 870 2277 urceo
881 2236 889 2275 ε

349 2308 466 2375 Favete
477 2310 587 2397 linguis
598 2334 607 2375 τ
628 2312 769 2377 carmine
779 2310 845 2378 'non
858 2313 943 2399 prius

393 2411 510 2477 Audita
523 2411 688 2477 Musarum
702 2415 852 2479 sacerdos
909 2424 910 2429 ’

432 2510 613 2596 Virginibus
627 2513 792 2598 puerisque
807 2525 911 2580 canto.
934 2524 936 2532 “

351 2707 476 2791 Regum
490 2709 701 2775 timendorum
714 2710 747 2773 in
760 2710 903 2797 proprios
916 2730 1036 2795 greges,

354 2806 460 2892 Reges
474 2808 506 2872 in
520 2810 603 2893 ipsos
617 2810 783 2895 imperimn
797 2822 845 2875 est
858 2808 954 2885 Jovis‚

395 2906 481 2972 Cleri
496 2908 653 2995 Giganteo
667 2909 833 2995 triumpho,
989 2908 991 2912 ’

438 3006 562 3073 Cuncta
576 3007 741 3094 supercilio
756 3008 919 3073 moventis.

351 3188 408 3253 Est
423 3200 457 3252 ut
470 3189 538 3253 viro
551 3189 600 3253 vir
614 3188 704 3254 latius
718 3190 840 3255 ordinet

350 3287 489 3353 Arbusta
502 3289 594 3353 sulcis
607 3314 615 3358 z
636 3290 687 3353 hic
700 3289 881 3375 generosior

395 3387 578 3455 Descendat
591 3390 623 3453 in
638 3390 795 3474 Campum
810 3391 945 3475 petitor3

437 3488 580 3556 Moribus
594 3490 645 3554 hie
659 3490 831 3574 meliorque
846 3490 930 3555 fama

351 3672 551 3747 Contendst3
571 3672 615 3737 illi
628 3671 720 3737 turbu
731 3672 891 3737 clientium

351 3772 401 3837 Sit
414 3773 532 3858 major:
554 3794 657 3857 aequa
669 3772 739 3859 lege
754 3772 935 3841 Necessitas

396 3873 534 3938 Sortitur
546 3874 683 3961 insignes
695 3884 728 3938 et
741 3874 821 3939 imos
833 3900 841 3951 ς

437 3973 542 4039 Omne
556 3995 657 4060 capax
671 3986 778 4039 movet
792 3996 871 4039 urna
883 3994 1007 4040 nomen.

551 4232 703 4285 VARIOUS
719 4234 907 4288 susumus

669 4379 723 4427 Ουι
731 4381 752 4423 1.

121 4524 148 4565 9.
170 4521 265 4578 Bentley
283 4519 349 4566 mds
367 4520 428 4566 Esto
445 4534 475 4565 on
492 4517 629 4580 conjecture,
647 4521 722 4565 which
751 4521 812 4574 time,
830 4520 1029 4579 umesniugmore
1038 4519 1061 4565 iu
1070 4519 1209 4567 sceordtnoe
1218 4517 1271 4563 with
1281 4515 1377 4562 thuidos

90 4593 165 4638 many
174 4578 259 4627 editors
271 4577 355 4639 suopt-
374 4577 639 4683 Tbeeurusourssdrng
663 4579 722 4624 how·
751 4576 873 4638 expressed
884 4581 907 4626 iu
916 4580 952 4625 the
961 4578 1064 4639 previous
1071 4584 1154 4626 stuurs.
1172 4576 1217 4622 sid.
1226 4574 1377 4637 Exploratum

90 4652 160 4693 ever,
171 4640 189 4682 is
197 4638 232 4684 ier
239 4652 300 4685 mors
309 4639 407 4699 eiogsut.
417 4635 463 4684 sud
472 4638 575 4697 coniers,
583 4646 606 4685 st
616 4647 624 4683 t
639 4612 723 4684 ’estun
752 4645 821 4690 notes.
