2975 4942
390 1023 695 1100 Pnssnttms
716 1023 800 1098 OF
818 1021 1097 1110 HORAGE,

205 1282 243 1330 IN
258 1281 381 1334 WfflCH
397 1281 447 1333 HE
462 1283 624 1336 ALLUDES
640 1285 690 1336 ΤΟ
706 1283 781 1335 THE
797 1281 936 1335 EVENTS
952 1283 999 1334 OF
1015 1281 1076 1333 uls
1092 1273 1175 1330 >OWN
1192 1279 1277 1331 LIFE.

669 1658 827 1670 ..ι-.-

364 1931 392 1994 l.
415 1931 509 1994 Plane
523 1933 721 2019 osnntinitp.¹
747 1931 854 2010 (Sem.
869 1932 901 1995 2.
918 1931 947 1994 1.
961 1930 1013 1994 34.
1029 1932 1132 2014 seqq.)

284 2081 456 2095 ---·
470 2047 593 2131 Sequor
608 2047 700 2124 hune,
713 2047 861 2112 Lucanus
875 2060 915 2110 nn
926 2044 1079 2130 Appulus,
1092 2065 1227 2130 anceps;

274 2143 358 2209 Nem
373 2145 551 2212 Venusinus
565 2159 633 2213 eret
647 2149 742 2213 finem
757 2149 815 2212 sub
826 2159 1123 2232 utrumque-

506 2316 794 2328 -Ἢ-ῤ--ι-

305 2407 337 2472 2.
361 2406 524 2474 &mnne
538 2409 577 2495 os
585 2407 760 2494 bisfatter.
798 2405 907 2485 (Sem.
925 2407 953 2472 l.
968 2407 1000 2473 6.
1015 2407 1067 2473 45.
1082 2412 1184 2493 seqq.)

274 2519 369 2588 Nune
382 2526 423 2590 ad
438 2546 490 2590 me
505 2526 613 2601 redeo,
629 2523 774 2588 libertino
787 2533 877 2608 patre
891 2534 1008 2599 netum,

275 2623 381 2700 Quem
393 2628 508 2694 rodunt
522 2647 633 2692 omnes
646 2623 792 2689 libertino
805 2634 895 2709 patre
909 2635 1036 2696 netum3

492 2791 646 2804 ..ι’-θ·

339 2883 371 2947 3.
395 2881 455 2947 His
469 2881 554 2967 curly
569 2832 735 2943 educetien.
772 2880 881 2960 (Sem.
899 2879 927 2943 l.
941 2879 972 2942 6.
988 2879 1040 2943 71.
1056 2885 1158 2965 seqq.)

278 2995 383 3063 Causa
396 2998 454 3062 fuit
467 3007 557 3083 pater
569 2995 626 3072 his,
640 2995 693 3080 qui
707 3016 817 3060 meere
830 3003 951 3080 pauper
960 2993 1069 3080 egelln

276 3097 384 3164 Noluit
396 3099 428 3163 in
442 3095 532 3164 Flevi
545 3097 652 3162 ludum
666 3117 718 3159 me
733 3097 867 3185 mittere,
882 3096 987 3182 magni

277 3198 351 3275 Quo
365 3201 453 3286 pueri
467 3199 588 3285 magnis
603 3219 621 3262 e
634 3198 868 3264 centurionibus
881 3199 949 3274 orti,

277 3298 388 3365 Laevo
402 3301 543 3386 suspensi
557 3298 676 3364 loculos
689 3298 893 3383 tabulamque
903 3298 1032 3374 lacerto,

277 3399 371 3464 Ibunt
384 3401 506 3464 octonis
520 3398 693 3464 reserentes
708 3397 816 3462 Idibus
830 3419 926 3473 eern3

280 3500 347 3566 Sed
360 3521 493 3587 puerum
507 3511 557 3564 est
570 3521 663 3564 ausus
677 3497 816 3565 Romam
828 3509 966 3584 portare,
979 3501 1157 3566 docendum

280 3601 386 3679 Artes,
400 3623 478 3686 ques
485 3603 606 3688 doceat
621 3599 720 3684 quivis
734 3619 832 3684 eques
846 3611 940 3684 etque
955 3611 1081 3666 senator

279 3701 391 3766 Semet
406 3712 584 3788 pmgnatos.
621 3699 756 3764 Vestem
769 3721 939 3784 servosque
954 3710 1131 3785 sequentes,
1268 3762 1271 3768 .

279 3801 319 3866 ln
332 3824 447 3888 magno
462 3814 496 3868 ut
510 3801 636 3889 populo,
651 3801 677 3864 si
691 3801 744 3884 qui
758 3800 896 3876 vidisset,
910 3801 994 3865 evita

280 3901 331 3966 Ex
345 3923 380 3966 re
395 3903 541 3987 praeberi
556 3915 675 3966 sumtus
688 3900 764 3965 mihi
778 3901 923 3965 erederet
935 3899 1013 3966 illos.

280 4001 353 4085 lpse
366 4003 442 4068 mihi
456 4011 562 4067 eustos
576 4000 859 4085 incorruptissimus
873 4021 985 4066 omnes

283 4100 413 4168 Circum
428 4105 576 4169 doctores
590 4105 711 4168 aderat.
734 4102 835 4179 ,Quid
849 4101 973 4166 multat
1008 4101 1168 4187 pudicum,

280 4203 345 4280 Qui
358 4205 477 4288 primus
490 4202 612 4270 virtutis
625 4203 734 4280 honos,
750 4204 886 4268 servavit
899 4203 941 4268 eb
954 4204 1040 4268 omni

281 4303 355 4368 Non
370 4304 470 4370 solum
484 4303 578 4380 facto,
591 4323 702 4369 verum
717 4303 887 4389 opprobrio
901 4325 1027 4391 queque
1040 4303 1132 4392 turpi,

284 4403 356 4469 Nec
368 4405 479 4482 timuit,
492 4405 550 4470 sibi
564 4425 605 4470 ne
619 4404 695 4470 vitio
708 4404 778 4489 quis
791 4414 931 4470 verteret
944 4404 1028 4483 olim,

284 4503 319 4568 Si
333 4525 451 4589 praeeo
464 4521 588 4592 parvas,
603 4513 667 4584 eut,
679 4513 714 4568 ut
728 4502 786 4572 fuit
798 4504 875 4588 ipse,
890 4515 1018 4570 coactor

284 4602 455 4676 Mercedes
469 4627 618 4698 sequerer
627 4615 1015 4681 3--.-.·..........-

739 4703 761 4770 3
