2975 4942
90 4619 99 4628 a

19 4759 97 4840 k

633 299 663 348 Q·
679 293 817 341 ΗΟΜΉΙ
831 293 950 340 diadccl

310 453 362 522 Ao
375 475 416 521 ne
429 455 510 524 lorle
523 465 623 542 putes,
637 477 699 535 me,
713 477 795 543 quae
808 457 913 523 faeere
927 455 993 540 ipse
1006 473 1162 533 recusem,

268 553 376 632 Quum
389 567 476 624 reete
491 557 700 633 tractent-alii,
714 557 841 625 laudare
855 556 1011 642 maligne;

268 654 325 720 llle
339 675 398 742 per
409 667 569 724 extentum
584 655 691 722 funem
705 657 780 722 milri
793 678 886 742 posse
899 655 1024 722 videtur

267 753 319 822 lte
333 761 447 843 poeta3
468 778 574 823 meum
589 758 642 843 qui
655 769 766 844 peetus
780 757 914 822 inaniter
925 756 1022 844 angit,

266 855 381 934 Irritat,
394 856 521 935 mulcet,
533 857 618 922 falsis
631 856 802 923 terroribus
814 857 934 943 implet,

266 955 313 1022 Ut
326 979 445 1046 magns,
457 969 490 1036 et
504 961 600 1025 modo
614 980 665 1024 me
680 959 809 1035 Thebis,
822 960 919 1024 modo
931 958 1020 1043 ponit
1032 958 1172 1024 Athenis.

265 1055 386 1124 Verum
400 1081 469 1146 age,
482 1070 515 1124 et
529 1059 585 1136 lris,
599 1059 651 1146 qui
665 1081 699 1124 se
714 1059 824 1125 lectori
836 1061 968 1125 eredere
982 1057 1110 1136 malunt,

266 1155 372 1234 Quam
386 1161 570 1248 spectatoris
583 1159 705 1227 fastidia
718 1161 801 1226 ferre
816 1160 950 1246 superbi,

262 1257 383 1326 coram
397 1263 495 1327 redde
510 1264 648 1338 brevem,
663 1261 688 1326 si
702 1281 814 1326 munus
827 1260 972 1348 Apolline
985 1261 1115 1347 dignum

264 1357 323 1426 vis
337 1360 496 1448 complere
511 1361 605 1438 libris,
618 1372 651 1427 et
664 1362 788 1428 vatibus
801 1363 920 1428 addere
932 1361 1048 1438 calcar,

264 1459 311 1526 Ut
325 1463 427 1526 studio
441 1463 559 1549 majore
573 1473 682 1549 petant
695 1462 853 1530 Helieone
865 1463 1029 1529 virentem.

304 1559 408 1628 Multa
421 1563 548 1649 quidem
563 1563 652 1630 nobis
665 1563 796 1630 facimus
809 1565 893 1630 mala
906 1583 1000 1648 saepe
1013 1568 1135 1648 poetae,

264 1663 324 1744 (Ut
336 1665 441 1730 vineta
454 1677 581 1752 egomet
594 1667 726 1730 caedam
740 1673 825 1750 mea)
840 1685 937 1747 quum
949 1663 1005 1728 tibi
1018 1662 1133 1729 librum

261 1763 401 1830 Sollicito
416 1765 527 1830 damus
540 1775 593 1829 aut
606 1765 712 1841 sess03
733 1785 830 1849 quum
844 1763 1004 1838 laediniur,
1017 1783 1114 1828 unum
1133 1850 1136 1855 Ι

261 1865 297 1930 Si
311 1865 379 1952 quis
391 1863 564 1930 amicorum
577 1875 626 1930 est
639 1885 731 1930 ausus
744 1864 936 1950 reprendere
947 1877 1092 1936 vemrmr

258 1963 366 2042 Quum
380 1965 449 2030 looa
459 1968 525 2054 jam
539 1965 673 2032 recitata
685 1965 874 2030 revolvimus
887 1961 1077 2037 irrevocati3

260 2066 368 2144 Quum
382 2066 596 2145 lamentamur,
609 2087 673 2132 non
687 2087 840 2153 apparere
855 2065 978 2129 labores

259 2165 401 2246 Nostros,
414 2178 447 2232 et
461 2169 547 2234 tenui
560 2170 696 2235 deducta
710 2175 857 2253 poemata
869 2167 941 2242 lilo3

169 2291 173 2300 ·
257 2263 364 2342 Quum
379 2288 592 2352 speramus-eo
606 2289 673 2331 rem
687 2278 861 2343 ventmam,
876 2278 911 2331 nt
924 2267 1121 2352 simulatque

256 2365 407 2432 Carmina
419 2367 562 2434 rescieris
576 2387 634 2432 nos
647 2368 776 2454 lingere,
790 2369 975 2433 commodus
988 2367 1071 2432 ultro

255 2465 416 2544 Aroessas,
429 2477 461 2532 et
475 2489 569 2554 egere
584 2479 683 2546 vetes,
697 2479 729 2532 et
744 2469 881 2534 sorr'bere
896 2489 1001 2555 cogas.
1065 2469 1068 2473 ’

255 2567 321 2635 Sed
335 2579 442 2633 tamen
456 2579 505 2633 est
518 2591 634 2656 operae
649 2570 786 2653 pretium
801 2588 1003 2655 eognosoere‚
1016 2567 1124 2652 quales

254 2669 405 2735 Aedituos
419 2670 533 2736 habeat
548 2669 622 2735 belli
637 2681 779 2756 spectata
793 2671 940 2756 domique
995 2724 1000 2747 ,

253 2767 369 2845 Virtus,
383 2770 511 2856 indigno
525 2793 588 2836 non
603 2771 829 2836 committenda
841 2777 963 2856 poetae.

147 2879 150 2886 '
168 2868 171 2877 '
295 2870 413 2936 Gratus
427 2871 608 2938 Alexandro
622 2872 688 2958 regi
702 2871 824 2958 Magno
838 2872 895 2937 suit
909 2873 960 2936 ille

153 3029 155 3035 .
250 2969 423 3048 Choerilus,
437 2971 559 3038 incultis
573 2973 626 3057 qui
640 2973 781 3037 versibus
794 2983 827 3037 et
841 2972 923 3038 male
936 2973 1017 3038 natis

250 3073 368 3140 Retulit
382 3084 541 3158 acceptos,
555 3073 660 3159 regale
674 3075 838 3151 numisma,
852 3073 1022 3160 Philippos.

249 3175 314 3240 Sed
328 3173 423 3238 veluti
437 3183 570 3238 tractata
584 3185 690 3239 notam
706 3173 870 3259 labemque
885 3176 1046 3241 remittrmt

247 3274 442 3350 Atramenta,
456 3274 523 3339 fere
538 3275 705 3361 scriptores
722 3276 861 3341 carmine
875 3276 971 3342 foedo

248 3375 419 3459 Splendida
432 3374 516 3439 faeta
529 3375 636 3441 linunt.
681 3377 771 3442 Idem
785 3399 842 3442 rex
855 3375 916 3454 ille,
929 3383 1043 3462 poema
1140 3423 1143 3428 ·

247 3472 309 3551 Qui
324 3484 389 3538 tam
403 3475 567 3540 ridiculum
581 3487 646 3542 tam
661 3497 734 3542 care
749 3477 899 3571 prodigus
912 3477 997 3554 emit,

592 3889 738 3940 vanlous
760 3888 944 3940 nunninus.

142 4043 332 4100 mammillas,
348 4045 394 4094 arrd
412 4045 460 4094 also
478 4043 608 4103 Markland,
620 4042 661 4151 pul
677 4043 741 4092 sue
769 4042 1237 4106 monleetionnddmntbeautlrorilyof
1247 4041 1411 4113 nrhglem

114 4099 178 4208 {plu-
197 4103 219 4148 9.
239 4107 259 4150 3.
280 4122 302 4166 p
322 4107 382 4166 llll.)
406 4121 444 4154 are
464 4106 486 4152 in
509 4106 586 4152 favour
609 4121 623 4153 0
651 4102 739 4150 Laeuo.
769 4102 792 4149 lt
800 4104 1263 4165 lamoretlraaprobabls,lrorrever,tlrst
1273 4102 1412 4161 mendas

148 4159 331 4226 alefieldatlopts
350 4165 395 4211 tlris
413 4163 563 4221 emendation,
573 4164 614 4212 but
632 4164 740 4210 Feawell
770 4162 939 4222 ameregloss3
961 4164 1205 4210 sineshmanirbe
1222 4161 1349 4233 img'med
1367 4165 1411 4207 nu

113 4220 227 4275 observes,
235 4225 251 4250 ‘⁸
260 4223 308 4270 Cur
317 4222 487 4270 admirationem
497 4229 581 4270 tantam
591 4229 741 4286 spectatorum
770 4223 831 4268 tlrec
877 4222 916 4266 ists
925 4219 992 4268 could
1001 4237 1055 4268 ever
1062 4223 1121 4268 have
1134 4219 1410 4283 mangsdnmronus

114 4277 145 4326 ad
153 4279 224 4326 solam
231 4278 331 4338 waram,
339 4283 437 4343 speciem
445 4283 518 4338 vestis,
528 4281 668 4329 reseramus?
770 4282 805 4327 As
813 4235 888 4327 tuom
897 4280 1037 4342 meningas
1046 4281 1149 4338 redde,in
1158 4281 1204 4328 rnu
1211 4294 1330 4343 pange,
1337 4279 1409 4328 wlrltll

142 4338 194 4384 218.
210 4335 338 4384 Wakefield
347 4337 410 4387 (Silo.
428 4339 487 4385 Cril.
505 4341 526 4386 l.
538 4357 559 4402 p.
570 4344 602 4400 3.)
620 4341 687 4388 reads
698 4339 740 4396 Er,
770 4339 865 4398 Bentley
882 4339 993 4401 protam
1010 4347 1049 4386 not
1065 4347 1089 4386 to
1103 4339 1256 4396 undemuud,
1270 4355 1316 4388 πο
1334 4353 1410 4402 Ψ

114 4405 197 4452 magau
210 4397 245 4451 ul,
255 4393 363 4440 nwdome
374 4397 538 4453 Plebis,modo
551 4401 619 4456 penit
632 4399 738 4448 Athenis.
769 4396 831 4445 head
839 4414 869 4446 no
883 4397 990 4460 difficulty
1000 4400 1115 4446 whatever
1122 4399 1201 4455 exista,
1209 4398 1409 4463 vidExplanatu

114 4449 150 4495 Ru
189 4458 246 4502 rsius
264 4455 411 4512 conjecturas,
433 4457 510 4502 Utme
528 4457 687 4516 Arg-inmodo
705 4470 741 4502 me
769 4465 875 4516 rynotes

116 4461 207 4565 Ἤκῗι,
223 4509 377 4580 elodopoml
396 4513 502 4565 Athenis.
533 4515 624 4564 Neither
642 4517 669 4564 el
679 4517 741 4564 these
799 4517 852 4562 229.
868 4516 931 4563 Here
940 4517 968 4563 D.
979 4515 1171 4564 Heinrinstlrlnks
1178 4510 1407 4565 muhamad

125 4568 279 4615 enrandatlons
288 4581 309 4614 rs
316 4575 341 4613 at
350 4568 380 4613 all
390 4569 483 4616 needed.
771 4573 836 4637 Epist
844 4577 867 4623 2,
877 4578 899 4622 2.
911 4575 1017 4622 87-140.
1046 4574 1086 4622 He
1092 4577 1111 4622 ῐι
1120 4573 1209 4624 „fund
1217 4577 1251 4636 by
1260 4577 1375 4638 Bentley.

141 4623 194 4672 216.
210 4626 305 4684 Bentley
314 4625 516 4685 readsr'mperrdslrr
525 4631 589 4692 placa
599 4633 625 4681 ol
636 4633 673 4681 tha
682 4647 741 4683 emn-
