2975 4942
115 206 180 297 ‘234
511 222 518 239 “
577 242 609 293 e,
624 235 762 285 nortun
779 234 897 295 eutem

242 416 353 481 Verum
367 439 432 501 ego,
447 428 480 482 ut
492 418 650 481 haerentes
663 416 793 481 adverso
808 416 895 479 litore
908 434 1001 479 occec

237 517 407 602 Eriperem,
414 515 553 603 prudens
564 515 690 604 placavi
703 518 853 601 sunguine
868 512 963 579 cliuos.
977 550 1019 562 -

247 616 373 703 Nempe
386 629 451 695 tuo,
465 617 591 683 furiose.
605 648 646 661 -·
658 614 738 692 Meo,
752 614 806 678 sed
817 638 879 681 nors
884 616 1097 701 furiosus:-

241 717 305 796 Qui
318 719 441 804 species
454 718 529 783 elius
541 718 609 783 veri
623 717 824 801 scelerisque,
837 716 970 782 tumultu

240 816 426 895 Permixtas,
440 819 551 903 cupiet,
565 827 740 882 commotus
754 816 920 881 habebitur
934 840 943 891 ;
965 826 1059 901 etque

244 918 422 983 Stultitinne
435 928 529 994 erret,
542 917 670 981 nihilum
682 915 817 993 disubit,
831 938 872 981 un
884 917 940 981 ira.

244 1018 328 1104 Ajux
341 1038 436 1103 quum
451 1018 624 1083 immeritos
637 1017 763 1094 occidit,
774 1015 895 1101 desipit,
909 1038 1027 1103 ugnos3
1103 1068 1104 1071 ,

246 1118 355 1195 Quum
368 1119 506 1203 prudeus
519 1117 622 1183 scelus
635 1117 678 1180 ob
691 1118 797 1183 titulos
811 1117 948 1183 admittis
960 1116 1078 1191 inanes,

247 1219 320 1284 Stes
334 1218 460 1284 animol
483 1229 515 1284 et
529 1239 641 1303 purum
655 1228 704 1282 est
716 1218 793 1282 vitio
806 1217 871 1293 tibi,
886 1238 980 1300 quum
995 1216 1148 1281 tumidum
1162 1225 1218 1292 est,
1230 1215 1311 1280 eorl

248 1319 283 1384 Si
297 1320 366 1405 quis
379 1320 493 1386 lectica
506 1320 636 1385 nitidum
648 1328 773 1405 gesture
788 1329 873 1383 eruet
887 1338 1010 1403 agnem,

247 1420 334 1485 Huic
345 1431 468 1485 vestem
479 1430 515 1483 ut
527 1428 642 1505 gnatae
655 1429 755 1504 poter,
769 1418 896 1483 ancillas
910 1429 1009 1505 peret,
1023 1438 1141 1494 eurum,
1349 1418 1405 1482 215

247 1517 369 1586 Rufum
383 1531 438 1585 eut
451 1518 600 1586 Pusillum
614 1517 760 1605 appellet,
774 1518 909 1604 sortique
923 1519 1036 1586 manto

246 1619 393 1685 Destinet
405 1640 557 1685 uxorem:
578 1620 744 1684 interdicto
757 1619 830 1683 huic
843 1640 937 1685 omne
951 1620 1068 1685 adimet
1077 1620 1128 1705 jus

248 1718 390 1796 Praetor,
403 1731 437 1785 et
450 1723 492 1787 ed
505 1741 598 1785 seruos
610 1720 704 1783 nbeot
717 1720 815 1785 tutele
828 1720 1027 1805 propinquos.

251 1821 336 1898 Quid
347 1821 360 1885 l
383 1822 409 1886 si
422 1822 475 1906 qui
487 1832 616 1908 gnatum
629 1842 689 1906 pro
702 1832 790 1887 muto
802 1822 937 1887 devovet
949 1840 1040 1906 egtm,

250 1922 378 2008 Integer
390 1934 439 1988 est
452 1923 571 1989 nnimil
593 1922 645 1989 Ne
658 1922 783 1989 dixeris.
826 1921 914 2008 Ergo
927 1921 969 1986 ibi
982 1926 1081 2007 perro

205 2011 208 2025 '
252 2022 397 2100 Stultitia,
410 2024 489 2089 haec
503 2045 626 2089 summo
637 2034 687 2088 est
699 2024 837 2088 insanie:
859 2023 912 2108 qui
926 2022 1103 2097 sceleretm,

252 2122 297 2188 Et
310 2124 444 2190 furiosus
456 2126 538 2201 erit3
558 2146 654 2209 quem
667 2125 753 2211 cepit
767 2125 866 2189 vitree
879 2123 972 2205 fumo,

252 2220 350 2289 Hunc
363 2225 582 2290 circumtonuit
594 2226 736 2311 gaudens
749 2223 880 2290 Bellone
894 2222 1039 2288 cruentis.

295 2325 389 2390 Nunc
401 2346 470 2411 nge,
483 2325 636 2390 luxurium
649 2336 683 2391 et
696 2326 931 2391 Nomentanum
945 2324 1048 2411 onipe
1062 2344 1197 2391 meeum.

252 2425 370 2491 Vincet
381 2425 467 2490 enim
481 2426 591 2490 stultos
603 2426 684 2491 cutio
697 2426 830 2491 inseruire
844 2435 986 2511 nepotes.
1352 2425 1408 2491 225

252 2526 317 2591 Hic
331 2526 422 2591 simul
436 2526 558 2611 accepit
571 2526 739 2611 patrimoni
753 2525 836 2591 mille
850 2526 976 2602 talentu,

251 2626 367 2705 Edicit,
380 2627 518 2713 piscator
530 2628 584 2708 uti,
598 2628 766 2713 pomerius,
779 2648 904 2714 auceps,
991 2710 993 2718 Α

251 2728 487 2814 Unguenteiius
500 2748 539 2793 uc
552 2727 650 2793 Tusci
663 2728 755 2793 turbe
768 2728 864 2814 impie
877 2730 947 2805 vici,

253 2826 337 2893 Cum
351 2828 465 2893 scurris
479 2827 586 2904 fartor,
600 2849 673 2893 cum
686 2827 826 2893 Velabro
840 2850 934 2894 omne
948 2830 1115 2895 macellum

254 2928 352 2992 Mane
365 2929 497 2992 domuin
508 2928 643 2992 veniant.
688 2927 772 3006 Quid
787 2928 877 2994 tuml
900 2929 1026 2995 Venere
1040 2930 1228 3014 frequentes.
1354 2932 1407 2998 23⁰

253 3027 364 3091 Verba
376 3027 449 3091 fucit
464 3027 555 3092 leno:
578 3011 736 3113 Qrsidqstid
747 3030 831 3104 milii,
844 3028 991 3115 quidquid
1003 3040 1030 3093 et
1044 3032 1151 3095 horum

257 3126 370 3214 Cuique
385 3126 467 3193 (lomi
482 3139 534 3204 cst,
547 3127 583 3191 id
595 3127 681 3192 crede
696 3140 780 3193 tuum
795 3141 821 3192 et
835 3130 884 3193 uel
896 3153 976 3195 nunc
983 3142 1062 3217 pete,
1076 3133 1126 3196 cel
1138 3155 1216 3197 cras.

588 3436 741 3487 ventous
758 3436 942 3488 READINGS.

123 3597 125 3600 ·
157 3587 209 3633 ⁴208.
226 3586 349 3633 Lurnbinus
364 3587 509 3648 corrjcemred
523 3589 592 3642 ceris,
607 3588 681 3635 which
699 3590 757 3637 Ccu·
783 3588 1133 3648 pet-nanetosprttamt,usu
1148 3589 1278 3638 tonddtees
1288 3593 1329 3640 the
1338 3590 1408 3639 coinel

145 3648 230 3693 uiuesu
301 3645 362 3704 eotly
370 3645 438 3692 found
447 3647 470 3693 in
479 3647 596 3694 theoldest
606 3648 633 3692 ol
642 3648 680 3693 the
690 3648 757 3695 Blsn·
788 3646 802 3690 b
827 3663 841 3693 e
850 3649 938 3707 female
954 3664 1026 3695 neme.
1058 3649 1095 3695 He
1110 3647 1177 3695 rende
1186 3650 1310 3708 therefore,
1320 3650 1408 3697 withtl!

129 3662 207 3752 :huten
225 3703 268 3751 MS
287 3705 424 3773 ..Another
442 3706 469 3752 ol
483 3708 528 3753 his
551 3706 620 3753 MSS.
633 3706 680 3753 hed
699 3720 757 3763 cers,
786 3661 893 3753 chiestol
905 3710 941 3754 the
951 3707 1085 3755 Blendiuim
1105 3706 1409 3767 memoriensem·

129 3766 183 3813 with
194 3780 224 3810 eu
241 3780 255 3809 o
270 3771 359 3809 wntteu
372 3778 427 3810 over
442 3764 506 3811 thei
536 3764 632 3825 Bentley
650 3765 728 3825 pleees
743 3784 758 3813 a
787 3764 840 3809 tam.
870 3766 960 3815 Instead
976 3768 1002 3814 ol
1012 3766 1123 3813 Positum
1142 3779 1177 3812 we
1196 3768 1336 3827 huvegiven
1347 3767 1410 3814 erut·

129 3822 358 3877 commensuratus,
368 3821 413 3868 eod
426 3822 540 3871 considers
554 3825 592 3870 the
601 3832 659 3870 term
667 3825 757 3883 equive-
787 3824 840 3879 lem,
850 3826 923 3873 which
941 3829 999 3873 ism
1009 3826 1144 3890 appelletion
1160 3825 1187 3870 oi
1196 3832 1261 3872 more
1270 3829 1373 3889 frequent
1379 3840 1409 3871 oc·

129 3882 438 3930 lenttoclimcceveritctc,
467 3882 518 3928 'l'he
528 3884 629 3944 pointing
637 3883 712 3929 which
722 3899 758 3931 we
788 3897 903 3939 cumeneo,
914 3884 959 3931 rud
969 3885 988 3931 is
997 3884 1063 3933 hursd
1074 3884 1178 3943 inocerly
1185 3884 1251 3931 ellel
1261 3885 1400 3935 Fee'ethS·

128 3941 187 3986 hove
205 3939 303 4009 adopted
322 3948 429 4000 presente,
439 3941 461 3986 in
480 3957 522 3988 our
540 3942 638 4004 opinion,
658 3935 757 3989 thebert
814 3942 866 3989 220.
882 3945 933 3991 The
942 3958 1043 3991 common
1053 3939 1174 4001 mediugis
1190 3944 1264 4047 Bw
1283 3946 1329 3993 ubi
1344 3955 1411 4003 pm

130 3998 256 4045 senserat
267 4000 496 4061 Expleortorynoten
738 4039 741 4043 .
786 4001 1188 4059 stuttittuticmmmsesrtmautc.
1253 4003 1411 4064 ehereedope

157 4059 209 4103 215.
225 4057 276 4105 The
290 4074 393 4106 cumton
408 4059 503 4120 reading
519 4061 539 4105 is
554 4061 676 4119 utguctne
715 4064 757 4116 ret,
786 4058 816 4105 ed
828 4062 864 4107 the
873 4062 1016 4109 emendation
1025 4062 1051 4108 ul
1061 4060 1169 4117 chdel‚
1179 4075 1206 4107 os
1219 4060 1349 4125 decidedly
1356 4076 1411 4125 supe

130 4115 154 4161 in
173 4117 238 4177 ploce
256 4118 282 4163 ol
292 4118 365 4162 which
381 4133 418 4164 we
436 4119 493 4179 here
511 4119 610 4181 edopted
620 4120 757 4181 theeegunt
787 4120 837 4165 rior.
854 4158 860 4165 ..
1052 4142 1053 4145 ¹

130 4174 272 4220 emendation
278 4175 304 4221 ol
314 4176 449 4223 Wakefield.
816 4180 866 4225 22⁵.
883 4180 949 4228 Some
958 4181 984 4227 oi
990 4182 1028 4226 the
1035 4179 1097 4239 eerly
1103 4176 1205 4235 ediusus,
1213 4180 1262 4227 and
1268 4196 1314 4229 erre
1323 4182 1350 4229 ol
1355 4180 1411 4227 rou

154 4236 206 4282 ete.
221 4234 407 4294 Cruquiusgiree
416 4236 504 4281 Pusam
512 4236 677 4295 acceperimus,
690 4237 758 4284 Inm-
787 4235 928 4294 MSS.,hnre
941 4240 1025 4287 Wncs't.
1333 4279 1341 4295 .

129 4296 195 4341 binus
206 4291 347 4350 Pupcmnut
351 4294 472 4351 pupillum,
479 4294 581 4355 Scaliger
589 4296 703 4341 Putornct
711 4297 760 4342 Pu·
817 4300 868 4344 230.
884 4298 974 4347 lustood
983 4298 1009 4345 ol
1020 4296 1082 4355 Quid
1091 4298 1159 4341 tum?
1173 4299 1257 4344 twool
1267 4298 1412 4347 Torrentius's

129 4353 213 4408 emon,
231 4351 276 4395 uod
290 4351 318 4394 N.
338 4353 444 4397 Heinsius
461 4354 550 4411 Pupam
566 4359 610 4401 cut
623 4355 758 4413 pretinm
787 4354 856 4403 MSS.
866 4358 924 4404 here
935 4358 1085 4416 Quidcnirn?
1097 4356 1231 4402 endoneoi
1245 4354 1412 4421 Bentley’sffl

131 4410 206 4456 There
215 4409 236 4455 is
244 4424 258 4453 a
268 4415 334 4467 great
343 4408 395 4454 deul
402 4410 428 4455 of
438 4410 527 4457 truthiu
536 4413 651 4471 Bentley‘s
659 4416 757 4470 mnurk,
787 4420 844 4471 tum,
854 4417 946 4463 whence
956 4418 993 4463 tbe
1004 4414 1133 4461 latter-ediis
1142 4416 1183 4477 qui
1193 4428 1252 4461 cum.

131 4468 179 4513 tuas
188 4469 206 4513 it
214 4467 290 4513 would
300 4467 360 4513 show
372 4467 406 4513 ser
419 4469 464 4513 less
473 4471 498 4515 ol
508 4470 612 4519 tueduess
626 4481 649 4518 to
664 4473 757 4533 opplye
1058 4481 1059 4487 ’
