2975 4942
577 281 731 328 Errsrorrn
748 284 790 327 AD
806 283 947 329 riserat.

189 459 194 520 ζ
232 439 298 507 Hic
310 453 412 508 meret
426 461 499 508 aera
513 442 592 514 liber
606 445 711 522 Sosiis,
725 447 776 510 hic
789 457 822 510 et
836 467 923 511 mare
936 447 1065 522 transit·

185 519 206 581 ¹⁸
233 539 277 606 Et
289 542 416 628 longum
429 553 505 608 noto
519 545 666 629 scriptori
674 555 823 631 prorogat
838 560 961 611 aevum.

276 645 357 708 Sunt
370 645 619 721 delicta-tament·
627 645 739 730 quibus
753 646 908 732 ignovisse
921 645 1068 711 velimus.-

231 741 317 809 Nam
331 765 432 829 neque
447 745 565 810 chorda
576 751 689 810 sonum
701 746 816 822 reddit,
829 767 922 830 quem
936 745 1002 811 vult
1014 767 1129 814 manus
1139 753 1288 823 etmensr

232 839 442 928 Poscentique
455 865 585 930 gravem
599 865 752 931 persaepe
768 835 898 910 remittit
912 856 1060 922 acutum3

164 949 175 958 '
232 941 305 1008 Neo
319 962 444 1030 semper
457 945 548 1010 feriet
563 947 772 1030 quodcunque
786 945 955 1011 minabitur
967 967 1076 1010 arouse
1191 1030 1192 1033 Ἴ

233 1042 355 1108 Verum
370 1046 423 1110 ubi
436 1044 526 1130 plura
539 1046 683 1111 nitentin
698 1047 847 1122 sumine,
860 1067 1000 1133 non-ego
1013 1049 1125 1132 paucis
1141 1075 1144 1079 ⁴
1230 1103 1233 1115 .

235 1143 389 1210 Offendor
401 1147 541 1224 maculis,
554 1167 631 1231 quas
637 1146 832 1222 antinomia
845 1146 934 1223 fudit,

234 1243 299 1308 Aut
313 1237 572 1332 humnnaparum
584 1247 668 1312 cavit
682 1257 802 1313 natura.
847 1246 1026 1334 Quidergo
1037 1248 1110 1312 esti

235 1342 281 1408 Ut
295 1345 428 1431 scriptor
441 1347 466 1411 si
480 1358 593 1434 peceat
606 1348 691 1413 idem
704 1346 847 1411 librarius
858 1368 968 1432 usque,
1128 1344 1131 1350 ’

234 1442 387 1520 Quamvis
400 1458 448 1512 est
462 1449 606 1524 monitus,
620 1449 711 1514 venia
726 1456 836 1524 caret3
856 1459 891 1512 ut
905 1448 1112 1514 citharoedus·-

236 1543 379 1624 Ridetur,
393 1548 510 1613 chorda
524 1549 577 1632 qui
592 1568 717 1632 semper
730 1547 858 1612 oberrat
872 1549 1004 1613 eadem:

236 1646 291 1710 sto
304 1648 388 1724 mihi,
401 1649 454 1733 qui
463 1649 599 1713 ¹multum
607 1658 724 1725 cessat,
738 1650 774 1713 fit
786 1647 950 1713 Choerilus
964 1648 1025 1724 ille,

235 1745 340 1822 Quem
355 1749 401 1812 bis
414 1759 503 1813 terve
518 1747 636 1814 bonum
650 1749 801 1825 cumrisu
813 1744 932 1825 'miror3
953 1759 986 1812 et
1000 1749 1090 1814 idem
1104 1792 1108 1797 ·

235 1845 394 1933 Indignon
407 1851 594 1934 quandoque
607 1849 708 1914 bonus
721 1839 870 1914 dormitat
884 1848 1054 1913 Homerus.

231 1945 355 2012 Verum
366 1948 454 2032 operi
468 1947 562 2034 longo
574 1948 622 2013 sas
636 1958 684 2013 est
696 1949 852 2034 obrepere
866 1968 1021 2012 somnum.

274 2045 321 2112 Ut
333 2047 465 2133 pictura,
479 2049 599 2133 poesis:
622 2048 681 2112 erit
695 2069 786 2133 quae,
798 2049 826 2113 si
840 2048 1053 2133 propassus,
1067 2098 1074 2107 .

234 2146 284 2211 -Te
298 2148 403 2234 capiet
415 2150 524 2236 magis,
537 2160 570 2213 et
584 2151 750 2234 quaedam,
764 2148 929 2234 si-longius-
937 2148 1052 2214 obstes.

233 2246 328 2313 Haec
341 2260 425 2314 amat
440 2251 628 2326 obscurum3
649 2250 827 2315 volethaec
841 2250 899 2314 snb
913 2249 985 2314 luco
997 2249 1106 2326 videri*

235 2321 359 2414 Judicis
369 2361 514 2435 argutmn
528 2373 608 2435 quae
623 2373 686 2416 non
700 2351 848 2417 lontridat
862 2369 1016 2416 acumen:

233 2445 327 2514 Haec
339 2447 456 2532 placuit
470 2449 576 2537 semel,
590 2449 669 2514 haec
679 2451 787 2514 decies
800 2451 932 2533 repetita
945 2448 1108 2534 placebit„

277 2545 308 2613 Ο
323 2547 423 2633 major
433 2547 592 2634 juvenum,
606 2548 748 2632 quamvis
761 2557 794 2611 ct
807 2567 887 2611 voce
901 2558 1035 2632 patema

234 2646 374 2734 Fingeris
388 2649 574 2724 adrentum,
587 2657 620 2712 et
634 2667 693 2733 per
704 2657 736 2712 te
751 2648 842 2732 sapis,
856 2647 917 2711 hoc
931 2645 987 2710 tibi
999 2647 1135 2713 dictum]

235 2747 326 2816 Tolle
340 2769 482 2814 memor:
504 2748 599 2814 certis
605 2749 752 2814 medium
761 2758 803 2812 et
813 2747 976 2814 tolerabile
989 2745 1096 2812 rebus.

238 2848 340 2915 Recte
354 2836 487 2916 concedi
499 2848 688 2914 {consultus
699 2849 824 2934 juris-et
838 2859 927 2912 actor

237 2949 412 3014 Causarum
425 2948 700 3015 mediocris'abest
713 2949 828 3014 virtute
841 2948 964 3014 diserti.
978 3000 981 3004 -
1035 3018 1037 3021 ,
1070 2993 1084 3008 «ι

235 3048 404 3128 Messalae,
416 3069 477 3115 nec
491 3050 549 3115 scit
562 3060 713 3135 quantum
729 3048 901 3114 Cascellius
913 3047 1014 3112 Aulus
1025 3073 1044 3124 3¹

237 3152 303 3216 Sed
317 3161 424 3216 tamen
437 3152 474 3218 in
484 3150 585 3236 pretio
599 3162 668 3215 est:
690 3150 900 3216 mediocribus
914 3170 986 3213 esse
996 3147 1110 3233 poetis..

237 3251 311 3318 Non
325 3251 476 3329 homines,
490 3272 554 3316 non
568 3251 610 3329 dl,
622 3273 686 3318 non
702 3272 888 3318 concessere
902 3249 1077 3316 columnae.

247 3587 258 3610 .
281 3549 287 3576 ¹
568 3557 716 3609 vinicus
731 3556 921 3608 nunnrnss:

142 3703 190 3750 ste.
207 3702 284 3749 'I'br'ec
298 3701 325 3748 ol
340 3704 477 3764 Gruqnius’s
487 3703 555 3752 MSS.
571 3706 629 3752 bars
643 3704 738 3750 remittit
796 3702 847 3747 36⁰.
859 3694 914 3748 ¹'l'ho
923 3707 1014 3762 greater
1019 3701 1115 3747 nmnmr
1123 3698 1150 3746 ol
1160 3697 1228 3746 tiss.
1237 3698 1283 3745 aad
1292 3712 1371 3760 tanny,
1380 3700 1403 3747 il

118 3765 219 3814 mium,
227 3761 300 3806 which
311 3761 339 3806 he
349 3765 448 3810 receives
457 3765 504 3811 into
511 3765 551 3810 the
560 3771 614 3812 text.
767 3769 806 3807 not
814 3761 853 3815 all,
863 3762 888 3807 ol
899 3762 937 3807 the
951 3760 1034 3806 earlier
1042 3758 1138 3806 edium
1153 3758 1211 3803 bare
1220 3757 1284 3815 operi
1292 3759 1398 3817 longos·

141 3821 190 3866 eto.
206 3819 272 3866 Some
282 3818 350 3867 MSS.
360 3821 386 3867 oi
396 3821 464 3868 Fea’s
473 3821 519 3868 and
528 3823 672 3870 Bemmnn's
681 3822 738 3866 bave
767 3833 804 3865 wc
814 3820 870 3865 hare
884 3820 951 3880 given
961 3819 980 3864 it
995 3819 1017 3864 in
1026 3819 1066 3864 the
1075 3824 1129 3864 text.
1155 3815 1251 3875 Bentley
1260 3815 1308 3862 brat
1317 3819 1399 3866 mlh

116 3877 393 3946 thwnqwsandoneol
405 3881 737 3950 AchillesStetius'squnecun-
766 3877 797 3947 cd
804 3878 850 3923 this
858 3878 960 3982 rcadinp,
968 3874 1312 3946 whichhadbcendispleoedb
1333 3890 1399 3936 opere

115 3935 267 4045 wdbbzss'olllrbn
273 3946 688 4064 ccdffdrbllutdhffldhdbblharpedun
705 3996 737 4043 for
766 3938 881 4054 tempo,
895 3936 1101 4041 ch‘ucednnb'cltiffilt
1111 3932 1336 4052 bedbprtffisb’ytddery
1344 3937 1399 4042 aldit

115 4059 184 4105 which
191 4070 226 4102 wc
236 4057 293 4103 hare
308 4057 374 4115 giren
383 4057 438 4104 with
454 4057 548 4117 Bentley
557 4060 584 4102 at
594 4055 737 4102 citharoedus
767 4053 980 4114 sequentcdrtorol
990 4061 1049 4100 note.
1080 4051 1249 4120 'rhemmon-
1261 4058 1318 4119 text,
1335 4055 1398 4100 horr·

115 4117 185 4164 ondin
197 4115 308 4174 authority
319 4115 345 4161 of
354 4116 441 4163 several
458 4117 525 4164 MSS.
543 4121 558 4144 ‘⁶
567 4115 625 4170 Quis
634 4129 677 4160 non
688 4129 736 4160 sen·
766 4129 828 4168 ever,
838 4115 882 4160 still
893 4113 976 4160 nemim
994 4112 1032 4158 tha
1049 4112 1148 4158 interier-
1159 4108 1256 4170 madrny
1268 4119 1318 4172 Just
1334 4127 1399 4159 rnen·

116 4177 178 4232 tiat,”
187 4173 295 4222 demands
312 4175 351 4220 the
368 4175 439 4231 critic,
451 4180 466 4204 ‘⁸
475 4176 600 4222 sirariorem
609 4181 632 4219 et
647 4172 736 4219 viridio-
767 4172 851 4218 tioncd.

115 4249 159 4281 ram
176 4234 224 4280 fieri
242 4231 372 4288 orationem,
392 4233 411 4279 si
426 4237 455 4280 nt
471 4232 601 4296 repetatur?
631 4231 669 4277 Sic
684 4230 737 4278 alibi
794 4233 846 4278 sir.
861 4230 928 4278 Sosus
944 4227 1238 4282 rcadstmlliunbnttbc
1253 4228 1398 4275 tructam·

116 4292 189 4350 Epist.
198 4293 220 4338 1.
231 4295 265 4339 1³.
280 4295 316 4340 12.
327 4305 389 4354 seqq.
400 4299 425 4339 ct
435 4293 511 4350 Epist.
523 4293 542 4337 l.
555 4293 618 4340 tato.
629 4303 691 4350 seqq.
764 4291 887 4351 thetgivcn
903 4292 926 4336 in
941 4285 1397 4346 thetcxt,andwbicboccuresrequmt·
1474 4301 1477 4340 5

142 4353 189 4397 ³58.
206 4351 301 4411 Bentley
315 4353 381 4413 gives
397 4351 432 4398 bia
448 4357 516 4407 terre,
530 4351 588 4398 from
604 4365 646 4396 one
664 4350 690 4396 ol
701 4351 735 4396 his
765 4351 788 4410 ly
798 4350 821 4394 in
837 4351 928 4396 ancient
936 4349 1086 4410 inscriptions.
1115 4347 1197 4406 Comp.
1208 4344 1331 4407 (iratenp
1343 4347 1396 4403 sto,
1473 4345 1477 4371 ¹

118 4409 267 4467 MSS.,esrre
277 4410 333 4457 bare
343 4410 460 4458 exhibitcd
470 4412 488 4457 it
496 4412 519 4457 in
528 4425 569 4457 our
579 4416 633 4455 text.
665 4409 702 4454 lia
717 4410 736 4456 is
766 4411 812 4457 dec·
1294 4460 1301 4471 .

118 4468 255 4528 followedby
270 4471 328 4516 Cnni
361 4485 406 4526 arn,
416 4468 529 4526 Sanadon,
539 4470 634 4524 Gesner,
649 4467 737 4532 Valere
796 4467 847 4514 373.
863 4466 988 4514 Lambinus
996 4460 1347 4520 musntmdtnontommr,

118 4527 212 4587 Obcrlin,
221 4529 317 4585 Combe,
360 4529 464 4587 akcfield,
480 4529 565 4584 Zerna,
583 4527 681 4584 Schelle,
691 4525 736 4574 and
1164 4549 1167 4560 ·

118 4587 194 4636 others.
224 4585 274 4634 The
284 4601 386 4636 common
395 4589 490 4652 reading
499 4589 517 4634 is
527 4587 561 4634 bia
571 4589 654 4647 terque.
