2975 4942
506 243 508 248 .
622 191 910 252 suronroaasrur.

293 353 367 434 Non
381 382 442 452 ego
452 382 503 430 me
516 361 603 430 claro
617 375 725 432 natum
738 377 839 452 patre,
854 389 919 433 non
932 385 992 455 ego
1006 369 1125 434 cirtam
1242 362 1245 367 ⁴

293 465 352 536 Me
367 461 552 532 Satureiano
564 467 685 534 vectari
698 487 772 534 rura
785 467 918 546 rabado,
1018 495 1024 504 ·
1168 522 1174 542 ,

294 566 361 632 Sed
375 569 463 652 quod
472 587 570 645 eram,
584 588 697 632 narro:
719 571 944 655 respondeant
959 581 1030 636 tuns
1043 583 1092 637 est
1106 594 1185 650 mos,

293 665 418 733 Pauca:
439 663 538 740 abeo:
560 678 593 733 et
606 689 738 734 revocas
753 691 837 735 nono
849 656 922 756 p'ost
935 692 1054 751 mense,
1064 663 1218 759 jubesque

268 761 270 766 ’
293 765 372 832 Esse
387 769 419 833 in
433 769 605 840 amicorum
617 791 758 838 nurnero.
795 771 949 858 Magnum
963 773 1024 838 hoc
1037 793 1098 860 ago
1111 777 1203 853 duco,

293 867 388 946 Quod
403 869 505 955 placui
519 869 583 948 tibi,
598 871 650 956 qui
663 872 747 958 turpi
762 873 899 938 seoernis
913 875 1088 951 honestum,

292 969 367 1036 Non
387 980 477 1057 patre
491 971 663 1080 praeclaro,
678 975 735 1039 sed
749 973 813 1038 vita
826 986 858 1040 et
872 987 1002 1062 pectore
1016 997 1104 1066 puro.

530 1168 1045 1196 mm

121 1261 151 1325 9.
175 1257 418 1350 Hitsra'endslujn
433 1265 505 1329 aut
519 1265 649 1346 Plotius,
669 1267 788 1345 Varius,
801 1267 867 1334 aad
885 1269 994 1354 Vergil.
1027 1266 1138 1351 (Strm.
1156 1267 1183 1331 l.
1195 1267 1225 1332 5.
1240 1267 1292 1332 39.
1307 1274 1406 1354 seqq.)

292 1428 424 1518 Postera
434 1429 486 1496 lux
496 1428 594 1494 oritur
604 1429 703 1495 multo
714 1430 900 1516 gratissima,
914 1453 1049 1521 namque

292 1529 410 1596 Plotius
424 1541 456 1594 et
471 1529 594 1606 Varius,
611 1531 789 1608 Sinuessae,
802 1531 1012 1619 virgiliusque

292 1631 482 1709 Occurrunt,
497 1633 629 1709 numae,
643 1633 751 1720 quales
765 1654 868 1719 neque
883 1635 1080 1712 candidiores

290 1731 393 1798 Terra
402 1732 482 1812 tulit,
495 1753 597 1822 neque
612 1732 700 1820 queis
714 1754 766 1800 me
781 1734 820 1798 sit
835 1734 1011 1802 devinctior
1025 1735 1115 1826 alter.

290 1832 322 1899 Ο
336 1835 389 1920 qui
403 1833 589 1920 eomplexus
600 1845 633 1900 et
646 1835 762 1922 gaudia
771 1845 888 1919 quanta
901 1835 1044 1911 suffiunt!

291 1933 344 2000 Nil
358 1955 419 2022 ego
427 1934 613 2008 cartularia
622 1935 763 2026 jucundo
773 1957 866 2004 sanus
879 1937 992 2005 amico.

250 2287 299 2354 10.
323 2283 382 2352 Hir
396 2309 525 2354 maram
536 2287 575 2372 of
583 2287 637 2374 life
651 2288 684 2351 in
695 2286 743 2350 tlte
758 2289 828 2372 city.
872 2287 981 2368 (Sem.
999 2286 1027 2351 l.
1043 2286 1075 2350 6.
1093 2286 1163 2350 111.
1180 2291 1281 2372 seqq.)

664 2484 746 2504 ···-·
755 2453 964 2539 amotusque
978 2452 1075 2520 libido
1089 2461 1148 2529 est,

188 2555 192 2564 '
290 2553 412 2621 Incede
425 2553 529 2631 solus3
550 2566 730 2640 percontor,
745 2555 853 2638 quanti
867 2554 935 2619 olus
949 2576 988 2619 ac
999 2553 1065 2627 lar3

288 2653 583 2724 Fallacerncircum
597 2650 873 2740 vespertinumque
886 2668 1016 2736 perenn·

293 2756 399 2841 Saepe
413 2756 534 2830 forrum
555 2752 672 2852 adst&
682 2752 794 2844 dms
805 2777 814 2827 3
836 2751 909 2816 inde
921 2753 1052 2818 domum
1067 2773 1119 2825 me

290 2855 344 2924 Ad
357 2856 443 2942 porri
453 2866 485 2922 et
499 2855 610 2920 ciceris
619 2853 733 2930 refero,
748 2853 913 2939 laganique
929 2853 1086 2921 catinum

293 2956 405 3022 Coena
418 2956 610 3022 ministratur
622 2955 728 3042 prieris
741 2954 850 3032 tribus.
863 2964 899 3018 et
910 2954 988 3039 lapis
1001 2955 1092 3021 dtus

289 3057 411 3124 Poeula
424 3079 496 3123 eum
511 3047 626 3144 cyatho
637 3059 702 3124 duo
717 3056 870 3131 sustinet3
891 3057 995 3133 adstat
1007 3057 1138 3143 echinus

291 3159 382 3236 Vilis,
395 3179 468 3224 eum
481 3170 592 3244 patera
603 3159 718 3246 guttus,
733 3157 900 3243 Campana
912 3159 1062 3244 supellex.

291 3257 417 3325 Deinde
431 3281 471 3324 eo
481 3261 660 3338 dorminrm,
673 3281 738 3326 non
751 3257 908 3336 sollicitans,
921 3259 996 3324 milri
1012 3261 1098 3344 quod
1111 3281 1183 3326 eras

293 3361 495 3448 Surgendum
509 3361 548 3424 sit
561 3381 663 3438 mane,
677 3361 841 3426 obeundus
855 3359 997 3446 Marsya,
1011 3361 1064 3445 qui
1079 3383 1113 3425 se
1127 3382 1131 3435 l

290 3459 424 3526 Vultum
437 3461 520 3528 fene
531 3473 625 3549 negat
639 3462 814 3528 Noviorum
828 3483 921 3547 possa
936 3461 1073 3528 minoris.

294 3561 349 3628 Ad
362 3573 506 3646 quartam
516 3563 629 3650 jaee03
650 3573 721 3648 post
734 3563 817 3629 hanc
831 3583 938 3652 vagor,
951 3572 1005 3625 aut
1013 3583 1084 3648 ego,
1097 3556 1180 3633 lecto

292 3661 359 3727 Aut
374 3641 492 3750 seriptti
501 3647 588 3748 quod
603 3685 654 3728 ure
668 3665 800 3730 taciturn
809 3665 908 3752 juvet,
929 3684 1031 3753 ungor
1043 3663 1136 3741 olivo,

202 3762 207 3774 ’
291 3759 367 3827 Non
381 3784 444 3848 quo
458 3762 606 3829 fraudatis
619 3763 797 3830 immundus
810 3763 909 3829 Natta
921 3762 1066 3828 lucernis.

293 3861 353 3927 Ast
366 3863 419 3928 ubi
433 3885 484 3928 me
499 3864 616 3930 fassum
630 3865 676 3934 sol
690 3866 851 3933 acrior-ire
866 3865 1005 3932 lavatum
1233 3948 1235 3951 ι

293 3961 475 4041 Admonuit,
489 3963 574 4052 lugia
587 3987 735 4055 eampum
748 3965 912 4050 lusumque
926 3965 1090 4054 trigonetn.

296 4063 433 4130 Prausus
446 4087 510 4131 non
520 4067 620 4145 avide,
633 4079 784 4153 quantum
797 4067 973 4155 interpellet
985 4065 1068 4132 inani
1183 4057 1189 4075 ’

291 4161 415 4232 Ventre
429 4167 514 4234 diem
524 4170 646 4248 durare,
660 4171 851 4240 domesticus
865 4169 955 4237 otior.
992 4165 1086 4234 Haeo
1097 4177 1145 4230 est

294 4261 370 4330 Vita
383 4267 554 4334 solutorum
563 4271 677 4336 misera
690 4271 860 4338 ambitione
869 4268 1029 4367 gravique.

294 4366 355 4433 His
368 4389 421 4434 me
434 4370 579 4436 oonsolor
591 4373 747 4442 victurum
761 4373 884 4442 suavius
898 4391 937 4436 aa
951 4369 976 4433 si
1089 4383 1092 4387 ’

295 4467 453 4547 Quaestor
466 4493 551 4549 avus,
559 4483 655 4558 pater
667 4483 764 4560 atqua
773 4489 865 4558 matu
877 4482 1067 4558 patruusque
1081 4467 1197 4536 fluisset.
