2975 4942
487 339 643 387 xrtsroni
659 340 702 388 An
718 341 870 388 Pisones,

180 499 398 590 Tyrtaeusque
413 523 516 572 mares
528 505 648 572 mutnus
660 505 693 570 in
706 503 825 572 Martia
836 503 919 570 bella

179 599 333 670 Versibus
346 607 480 672 exacuit.
522 605 635 672 Dictae
649 629 707 692 per
720 606 861 674 wrmina
873 613 986 682 sortes,

141 766 148 778 ,
181 699 225 766 Et
236 704 319 770 vitae
334 716 506 773 monstrata
519 707 570 772 via
583 717 641 784 est,
654 718 687 776 et
699 708 801 794 gratia
813 726 924 793 regum

183 799 292 870 Pieriis
305 815 424 872 tentata
437 807 546 884 modis,
560 807 711 894 ludusque
725 819 878 893 repertus,
986 877 989 881 ,

183 900 226 967 Et
240 903 405 992 longorum
418 929 550 994 operum
564 909 651 976 finis:
672 931 714 974 ne
727 909 809 974 sorte
823 909 935 993 pudori

187 1005 237 1070 Sit
250 1005 306 1071 tibi
319 1007 416 1074 Musa
429 1009 515 1094 lyrae
530 1008 637 1086 solers,
650 1020 683 1074 et
697 1020 809 1090 centor
821 1007 948 1094 Apollo.

227 1107 348 1174 Natura
362 1111 451 1176 fieret
465 1111 619 1178 laudabile
633 1131 772 1188 carmen,
785 1132 826 1176 an
839 1121 918 1188 arte,

187 1207 372 1286 Quaesitum
385 1222 443 1276 est.
487 1210 559 1298 Ego
573 1232 633 1278 nee
647 1213 782 1278 studium
794 1211 860 1278 sine
873 1210 970 1278 divite
984 1230 1076 1288 rena,

186 1307 258 1374 Nec
271 1311 349 1375 rude
363 1311 438 1396 qnid
452 1312 550 1400 possit
563 1313 656 1380 video
669 1311 848 1398 ingenium:
869 1310 996 1378 alterius
1007 1310 1055 1376 sic

187 1409 298 1476 Altera
310 1412 410 1496 poscit
423 1433 517 1497 opem
531 1433 593 1489 res,
607 1422 640 1478 et
653 1413 796 1500 conjurat
809 1412 921 1480 amice.

191 1509 255 1588 Qui
269 1513 373 1577 studet
386 1524 527 1598 optatam
541 1534 635 1580 cursu
647 1515 832 1600 contingere
845 1524 974 1590 meum,

190 1607 294 1678 Multa
306 1611 375 1678 tulit
389 1612 524 1700 fecitque
538 1635 627 1701 puer,
639 1616 763 1682 mdavit
775 1625 809 1680 et
821 1614 900 1693 alsit,

145 1752 150 1762 -
190 1711 348 1780 Abstinuit
361 1715 490 1782 Venere
504 1727 537 1780 et
549 1715 634 1784 vino.
677 1716 742 1795 Qui
756 1715 869 1802 Pythia
881 1725 988 1782 cantat

193 1811 338 1892 Tibicen,
350 1816 458 1883 didicit
472 1818 568 1903 prius,
578 1818 783 1904 extimuitque
798 1816 992 1904 magistrum

192 1913 264 1980 Nec
278 1917 351 1982 satis
365 1927 413 1984 est
425 1917 559 1986 dixisse:
581 1919 650 2004 Ego
661 1920 743 1984 *mira
754 1925 894 2005 pnimatu
903 1940 1030 2005 pange:

197 2012 330 2103 Occupet
343 2028 509 2083 extremum
523 2020 660 2100 scabics‚·
680 2021 757 2086 miii
770 2029 855 2106 turpe
869 2019 1001 2106 relinqua
1015 2033 1068 2098 ert,

193 2115 245 2193 Et,
259 2116 341 2204 quod
351 2142 414 2184 non
427 2119 530 2198 didici,
543 2141 617 2186 asne
631 2121 862 2206 nescirefnten‘.

195 2215 242 2283 Ut
255 2239 381 2303 praeco,
394 2222 435 2287 ad
449 2242 572 2289 merces
584 2221 710 2290 turbam
723 2223 777 2308 qui
789 2223 875 2310 cogit
887 2225 1049 2301 emendas,

196 2317 416 2386 Assentatores
425 2323 515 2409 jubet
528 2325 570 2390 nd
583 2323 705 2390 lucrum
718 2323 765 2390 ire
778 2331 873 2410 poeta
911 2360 951 2382 =··
967 2378 971 2386 .
1038 2369 1043 2376 ·
1096 2358 1105 2392 ι

197 2418 297 2484 Dives
310 2423 401 2508 agris,
414 2423 502 2490 dives
515 2424 623 2508 positis
636 2426 668 2490 in
681 2425 793 2490 fenore
806 2428 951 2496 nummu.

200 2519 236 2585 si
250 2540 326 2586 vero
339 2531 397 2599 est,
410 2531 540 2588 unctum
554 2524 607 2608 qui
621 2533 708 2588 recte
722 2545 841 2610 ponere
855 2527 963 2610 possit,

199 2622 242 2688 Et
257 2625 412 2708 spondere
428 2623 489 2690 levi
502 2645 562 2711 pro
575 2645 724 2710 paupere,
737 2635 771 2690 et
784 2625 908 2712 'eripere
920 2627 997 2693 atris

143 2769 154 2794 ι
203 2723 324 2790 Litibus
338 2724 520 2812 inplicitum,
532 2724 671 2792 mirabor
683 2726 708 2791 si
723 2726 801 2791 sciet
814 2726 909 2794 inter·

200 2825 342 2891 Noscerc
357 2826 543 2893 mendacem
556 2847 728 2914 verumque
742 2827 853 2897 beatus
866 2827 1014 2894 amicum.

202 2924 253 2990 'l'u
267 2947 322 2990 seu
336 2926 472 3004 donaris,
486 2947 541 2994 ssu
555 2928 630 3013 quid
644 2930 765 2995 donare
777 2928 866 2994 voles
879 2929 940 3019 eui,

204 3025 312 3092 Nolito
326 3028 367 3092 ad
381 3050 491 3094 versus
504 3030 559 3096 tibi
573 3029 675 3096 sactus
687 3032 805 3097 ducere
818 3031 947 3117 plenum

159 3187 164 3198 ,
202 3127 375 3205 laetitiae3
396 3130 543 3196 clamabit
556 3131 650 3209 enim,
666 3131 823 3197 Pulchre!
844 3133 939 3197 bene!
960 3138 1062 3196 recte!

203 3227 359 3295 Pallescet
372 3251 466 3316 super
479 3231 544 3308 his3
565 3232 661 3298 etiam
675 3233 801 3299 stillabit
814 3234 925 3299 etnicis

204 3329 256 3396 Ex
269 3331 367 3397 oculis
380 3352 483 3398 rorem
494 3359 504 3409 ;
525 3333 622 3411 saliet,
634 3337 743 3400 tundet
755 3335 838 3421 pede
848 3346 974 3402 terram.

559 3668 717 3724 VARIOUS'
728 3671 915 3726 nunninus,

108 3833 161 3880 4⁰2
177 3831 321 3882 SomeMSS.
336 3832 382 3880 and
397 3833 461 3895 early
476 3832 706 3882 editionslrareDir-
765 3833 816 3881 416.
831 3833 926 3895 Bentley
943 3833 1010 3882 reads
1024 3834 1080 3881 Nee
1095 3837 1197 3884 aarum
1209 3849 1237 3883 aa
1254 3850 1291 3883 we
1307 3836 1366 3883 bare

77 3891 343 3954 ammata,sllndingto
358 3891 449 3940 Pindsr.
478 3892 529 3939 Tire
545 3895 626 3942 lection
640 3894 660 3940 is
677 3911 707 3941 sn
735 3893 979 3955 giseniainplsoeoi
990 3895 1027 3940 tbe
1040 3909 1142 3942 ceramon
1151 3895 1233 3942 ioetiua
1241 3894 1364 3942 xmae

78 3965 203 3999 erronsous
220 3966 270 3998 cue.
309 3950 435 4008 Quintilian
458 3951 503 4003 (10.
527 3953 558 4002 1.)
575 3951 708 4000 establishes
737 3951 1362 4023 tt'aest,audobserrer,inruppnrtoibisamcudatian:

78 4013 119 4057 the
135 4018 184 4058 true
201 4011 295 4072 reading
358 4016 462 4076 laeuaque
491 4011 711 4070 whenheremarls,
740 4011 923 4067 “manaverasi
937 4011 1367 4067 Muremuaestruluinetllomtiau

81 4070 307 4119 “Horatiurlrastra
338 4079 441 4133 yrtaeum
451 4071 698 4178 Ηοιιιετοειιῗέιιηςςίῑ.η
740 4071 1165 4130 consequenrsnsatnontndiveni·
1180 4073 1273 4130 artibus,
1284 4071 1325 4119 sed
1342 4072 1366 4118 in

111 4127 165 4179 409.
181 4131 262 4180 ΑΜ8.
273 4131 298 4178 oi
310 4130 412 4180 Achilles
421 4131 525 4178 Statiut's
534 4132 576 4178 ltus
609 4143 701 4189 ganan.
741 4145 786 4176 una
801 4128 926 4192 eademque
939 4133 1076 4192 comparatio
1089 4130 1249 4188 institueretur,
1264 4132 1308 4180 ltoe
1319 4145 1365 4180 mo·

111 4189 164 4237 410.
180 4191 279 4238 Sontess
289 4193 326 4238 the
336 4189 647 4251 earlyeditionsgivcprnait.
741 4189 781 4236 do:
798 4189 858 4236 Olim
873 4189 964 4250 quidem
979 4191 1087 4247 homines,
1104 4206 1149 4238 noa
1165 4191 1214 4238 sine
1228 4205 1311 4252 magum
1326 4204 1367 4249 ap·

113 4248 165 4295 tit.
182 4251 247 4297 Senis
257 4250 324 4297 MSS.
340 4249 409 4297 ands
427 4249 470 4296 l'sw
479 4250 542 4310 early
549 4246 648 4296 editions
656 4249 714 4296 bave
742 4256 832 4310 panim
846 4249 894 4296 sius
909 4252 981 4298 multo
995 4247 1110 4298 doarim
1126 4252 1271 4298 instrumento
1287 4257 1310 4295 et
1331 4261 1367 4294 aa·

84 4307 217 4356 etBacclw.
248 4309 353 4357 Sansdon
367 4309 446 4374 adopts
455 4309 500 4356 this
510 4307 612 4370 reading,
622 4307 667 4355 aad
676 4309 714 4354 ob·
743 4307 863 4370 pellectile,
880 4309 1005 4365 Plisticam,
1023 4309 1134 4370 stringor·
1152 4310 1202 4356 anai
1217 4316 1280 4361 amita
1301 4306 1368 4376 limae

83 4379 174 4415 serres:
189 4369 246 4416 “Je
256 4370 285 4416 lis
303 4367 362 4416 dans
377 4384 404 4415 ce
414 4383 464 4415 vers
483 4367 585 4422 Baccha
595 4369 650 4416 ainsi
685 4382 713 4414 ue
742 4365 949 4426 aususausus,
1029 4369 1238 4425 Peenametric
1252 4367 1321 4413 illotis
1329 4380 1368 4427 pe·

84 4424 108 4472 le
124 4434 214 4488 portent
232 4428 266 4475 les
282 4429 416 4476 manuscrits
431 4429 488 4475 cite's
505 4442 546 4489 par
563 4427 648 4475 Estaso.
742 4425 975 4476 dibusadblusamm
1050 4425 1186 4476 αοωᾶοκ.”
1316 4481 1322 4491 ,

84 4498 137 4531 vers
152 4501 181 4532 en
194 4501 209 4532 a
217 4485 268 4548 plur
279 4487 309 4534 ds
318 4489 396 4550 grace,
412 4488 435 4534 la
447 4487 578 4550 metaphora
587 4495 622 4534 eat
637 4485 715 4534 mieux
772 4487 825 4535 ⁴2³.
839 4485 1102 4547 enueymnssrasn
1111 4502 1132 4533 e.
1142 4482 1339 4543 arabitarum.

87 4551 204 4602 soutenm,
223 4553 247 4591 st
265 4547 312 4606 ily
330 4563 345 4593 a
365 4554 560 4618 touteappsrence
576 4561 619 4607 que
635 4545 715 4592 lesco-

87 4603 166 4660 pittss,
175 4606 213 4664 qni
220 4612 258 4652 ont
267 4606 311 4653 mis
319 4605 382 4660 rina,
391 4614 483 4670 ontprrs
493 4607 589 4669 lagides
596 4605 717 4668 dea‘grsrn·

88 4663 195 4711 mairiens
203 4677 260 4724 pour
266 4664 288 4711 le
298 4666 383 4712 texte.”
