2975 4942
550 255 778 300 arrsrotsnuu
794 258 859 302 cra.
876 260 898 314 1,
910 239 941 302 9.

220 426 331 494 Purior
344 431 376 494 in
391 431 467 496 vicis
480 451 562 517 equa
575 434 674 498 tendit
688 455 835 519 rumpere
849 424 1020 520 plumbum,

218 529 323 607 Quam
337 554 417 616 quae
431 553 490 618 per
501 555 634 618 pronum
648 536 785 620 trepidat
799 557 873 600 cum
883 555 1045 601 murmure
1059 536 1186 602 rivum?

217 630 340 716 Nempe
355 633 436 698 inter
449 635 551 698 varias
564 636 698 700 nutritur
712 636 790 700 silva
803 637 975 714 columnas,

219 729 440 818 Laudaturque
454 736 575 812 domus,
589 735 698 821 longos
712 758 793 821 quae
807 738 956 824 prospicit
970 759 1071 824 egros

170 813 176 831 ¹
218 830 371 898 Naturam
384 834 523 919 expelles
537 835 635 913 furca,
649 847 757 901 tamen
771 859 868 922 usque
881 848 1031 915 recurret,
1175 855 1178 859 ’

217 930 260 996 Et
273 933 356 996 mala
368 945 551 1019 perrumpet
563 935 671 1000 furtim
685 936 809 1001 fastidia
822 938 943 1002 victrix.

259 1033 342 1111 Non,
357 1035 409 1119 qui
425 1035 556 1099 Sidonio
571 1039 764 1101 contendere
778 1037 907 1103 callidus
921 1049 1006 1103 ostro

215 1132 324 1198 Nescit
338 1136 528 1219 Aquinatem
543 1137 684 1220 potantia
696 1137 815 1204 vellera
828 1139 945 1215 fucum,

212 1232 342 1298 Certius
356 1236 490 1320 accipiet
504 1239 653 1301 damnum
668 1239 837 1323 propiusve
852 1238 1004 1315 medullis,

218 1334 323 1410 Quam
337 1337 390 1420 qui
403 1358 467 1400 non
480 1337 594 1422 poterit
605 1360 685 1404 vero
699 1339 888 1426 distinguere
903 1340 1023 1404 falsum.

217 1433 323 1509 Quem
337 1457 388 1500 res
402 1436 470 1521 plus
484 1437 581 1502 nimio
595 1438 795 1504 delectavere
810 1441 979 1516 secundae,

219 1533 362 1601 Mutatae
376 1538 524 1622 quatient.
570 1539 606 1604 si
620 1540 695 1624 quid
707 1541 876 1618 mirabere,
889 1561 988 1626 pones

189 1685 190 1688 η
214 1635 342 1702 lnvitus.
386 1637 472 1724 Fuge
488 1659 623 1724 magna;
645 1639 718 1704 licet
732 1641 791 1704 sub
804 1662 942 1726 paupere
957 1650 1043 1733 tecto

214 1736 320 1821 Reges
334 1747 366 1801 et
380 1759 491 1822 regum
507 1739 573 1803 vita
586 1761 791 1824 praecurrere
806 1742 934 1804 amicos.

257 1837 380 1902 Cervus
394 1859 509 1921 equum
524 1860 629 1924 pugna
643 1840 755 1904 melior
768 1841 987 1906 communibus
1000 1839 1104 1906 herbis

215 1937 365 2014 Pellebat,
378 1940 480 2002 donec
495 1939 598 2004 minor
611 1940 643 2004 in
657 1942 829 2008 certamine
844 1940 938 2027 longo

213 2038 394 2122 lmploravit
408 2060 485 2124 opes
500 2041 643 2118 hominis,
658 2042 844 2126 frenumque
858 2043 988 2127 recepit.
1090 2119 1094 2125 ¹

213 2137 278 2202 Sed
292 2149 458 2222 postquam
472 2139 576 2204 victor
589 2140 709 2204 violens
723 2141 865 2206 discessit
880 2142 920 2205 ab
934 2142 1033 2218 hoste,

211 2237 285 2303 Non
299 2240 436 2324 equitem
450 2241 555 2317 dorso,
570 2263 634 2306 non
648 2239 773 2308 frenum
787 2241 905 2327 depulit
920 2264 985 2306 ore.

142 2412 143 2416 Ἰ
213 2338 278 2414 Sic,
291 2340 345 2422 qui
358 2340 540 2424 pauperiem
554 2341 671 2405 veritus
685 2342 808 2427 potiore
822 2338 956 2407 metallis
1076 2333 1079 2339 ’

213 2437 375 2502 Libertate
389 2450 486 2515 caret,
500 2441 662 2514 dominum
676 2441 772 2506 vehet
785 2440 954 2527 improbus,
968 2452 1061 2527 atque

214 2537 338 2602 Serviat
351 2549 523 2614 aeternum,
534 2541 611 2622 quia
623 2562 723 2624 parvo
737 2541 857 2605 nesciet
871 2544 925 2608 uti.

213 2635 274 2701 Cui
289 2657 352 2701 non
366 2637 532 2701 conveniet
548 2659 605 2702 sua
618 2659 679 2714 res,
692 2649 727 2702 ut
743 2638 868 2703 calceus
882 2639 967 2717 olim,

213 2737 249 2802 Si
260 2739 345 2822 pede
360 2736 460 2822 major
472 2737 540 2814 erit,
556 2737 738 2814 subvertet,
760 2739 786 2802 si
801 2739 912 2816 minor,
925 2752 1005 2804 uret.

256 2838 374 2902 Laetus
388 2848 470 2901 sorte
485 2848 539 2902 tua
551 2837 640 2902 vives
654 2833 821 2924 sapienter,
835 2841 953 2915 Aristi3

212 2937 283 3004 Nec
297 2959 348 3003 me
362 2939 498 3004 dimittes
513 2939 742 3025 incastigatum,
757 2938 810 3004 ubi
823 2940 914 3025 plura

212 3037 346 3124 Cogere,
360 3059 454 3123 quam
468 3039 540 3103 satis
554 3049 612 3116 est,
627 3061 665 3104 ac
678 3062 742 3105 non
758 3062 882 3105 cessare
897 3041 1038 3107 videbor.

565 3490 713 3544 vnmous
729 3488 917 3542 assolitus.

74 3629 290 3691 minumum
306 3629 399 3691 aputu.
429 3627 630 3678 mecaenatem
646 3631 666 3678 a
676 3630 707 3676 u
766 3630 803 3699 so.
820 3627 1027 3699 reportamur
1037 3629 1122 3676 auu·
1135 3618 1181 3677 'nn
1194 3630 1375 3734 postpone

173 3703 348 3750 renascetur-y.
378 3689 429 3736 'l'be
442 3689 708 3752 poet-retentumque·
737 3688 812 3735 wbrcb
825 3688 953 3748 Cunmgam
972 3688 1050 3748 highly
1069 3702 1187 3750 approrea.
1217 3688 1270 3735 Tba
1292 3697 1369 3736 acuon

72 3697 108 3796 be
117 3747 169 3792 atad

109 3804 146 3851 94.

210 3749 344 3794 vunentsol
354 3749 470 3808 antiquity.
553 3809 556 3819 Ι
732 3749 789 3807 plus
798 3747 1028 3818 enuntiaverant·
1041 3746 1171 3797 senctiooed
1182 3746 1373 3808 bytbemgeot'

67 3865 177 3920 Gesner,
186 3805 331 3921 abdhglblsrxl
329 3822 362 3912 ull,
362 3806 709 3926 ligicbllrlgilatllellhsnbllellrlpll
737 3807 1096 3934 thblellblrmclllnmmreading
1112 3864 1369 3934 ianuamianuaim
1448 3869 1452 3874 '

76 3925 137 3970 aben
155 3927 192 3970 tbe
213 3924 288 3970 actual
297 3939 386 3971 success
395 3925 420 3971 ol
431 3926 469 3970 tbe
478 3927 623 3986 experinsent
653 3918 710 3993 Tbis
738 3925 814 3994 ebich
835 3923 932 3992 Bentley
947 3925 1077 3994 nrbstftutes
1095 3938 1124 3969 αι
1142 3931 1272 3995 conjecture
1281 3923 1369 3972 molens

72 3985 147 4030 latter
164 3982 215 4029 idea
230 3981 304 4030 would
315 3985 343 4029 be
352 3982 465 4042 convaysd
477 3985 507 4042 by
517 3983 623 4041 expellas,
633 3983 707 4028 wbtcb
735 3988 803 4028 arcto.
835 3984 894 4029 'l'bu
904 3981 1058 4050 emendation,
1071 3982 1183 4037 however,
1194 3997 1213 4028 u
1222 3981 1248 4029 ol
1258 3997 1288 4029 no
1303 3991 1369 4044 great

72 4045 101 4091 is
123 4042 234 4090 tberelore
252 4043 371 4106 impmper,
390 4044 475 4103 though
490 4043 558 4103 given
577 4043 599 4088 in
621 4041 707 4088 several
736 4043 810 4097 velue,
822 4041 966 4088 doceantur
981 4040 1024 4086 and
1034 4046 1108 4086 actus
1125 4057 1164 4087 ere
1180 4043 1300 4102 soclosely
1315 4057 1368 4090 cou-

75 4098 150 4150 MSS.
160 4101 205 4148 and
212 4097 316 4147 editions.
736 4100 818 4148 nected
828 4104 851 4147 iu
860 4101 965 4160 mering
973 4101 1022 4145 tbnt
1030 4101 1157 4146 tbeformer
1166 4101 1186 4147 is
1195 4101 1282 4172 always
1290 4102 1317 4148 ol
1328 4117 1367 4149 ue·

111 4161 148 4206 25.
163 4159 265 4220 lnplaee
283 4159 421 4220 assastidr'u,
441 4175 509 4220 many
527 4157 595 4206 MSS.
614 4159 710 4207 harcei-
738 4159 1091 4220 cessityimpliedbytbelutter.
1121 4159 1187 4206 ὃοπιο
1205 4157 1301 4207 editrons
1309 4161 1367 4206 bave

76 4219 237 4280 tbersartigiu
247 4219 384 4278 oroeatigt'u.
415 4217 465 4267 Tbe
479 4219 546 4266 latter
557 4221 577 4266 is
585 4220 654 4280 given
663 4205 711 4264 elsio
739 4221 814 4265 victor
822 4221 888 4265 victo.
1462 4278 1463 4285 ἵ

75 4278 105 4326 in
115 4278 152 4324 tbs
162 4279 234 4326 Milan
243 4277 325 4325 edition
334 4277 360 4326 ol'
371 4279 434 4326 1477.
464 4277 508 4324 Βυι
518 4279 607 4326 Gesner
613 4279 664 4324 well
672 4277 710 4324 de·
767 4278 804 4324 w.
820 4278 848 4325 lu
862 4279 931 4348 place
940 4277 967 4325 ol
986 4277 1055 4331 celet,
1065 4277 1153 4348 tuolol
1162 4275 1280 4338 Bentley's
1298 4275 1367 4348 Μξδ.

75 4335 330 4398 sendstberendirgol'
340 4346 444 4385 ourtert.
476 4337 599 4384 “Divitum
613 4338 710 4384 deliciae
740 4337 799 4384 bave
815 4338 884 4395 amat,
903 4337 1069 4384 ubicbbeado
1114 4337 1185 4383 tntbe
1200 4345 1254 4382 text
1284 4336 1368 4406 Ouum·

77 4405 209 4458 repugnant
228 4398 363 4503 lltmffieffl
379 4397 710 4502 natumehqpamlastidiuntfi
739 4399 1003 4505 gemdgireptlerpseme
1077 4396 1198 4460 iogwbicb
1217 4397 1333 4488 bestates
1348 4409 1370 4440 rs

75 4456 305 4578 hneilpg'l'b‘amna
313 4456 560 4564 &qqrsequrlcyquurons
576 4471 710 4518 vury,some
748 4473 793 4506 oan
817 4473 886 4506 rnen
926 4464 995 4504 rtmns.
