2975 4942
513 308 738 353 eustosinus
756 309 819 352 tre.
837 311 872 364 n,
887 293 918 353 2.
988 356 990 359 ,

249 465 371 538 Luculli
386 474 473 538 miles
487 475 619 541 collecta
632 476 745 542 viatica
758 477 862 564 mpltie

185 613 189 623 ,
207 567 383 650 Aerumnis‚
397 573 493 638 lassus
507 576 582 639 dnm
595 587 691 640 noctu
704 577 814 652 stertit,
827 576 868 640 ad
881 593 984 640 essem

206 667 409 737 Perdiderat:
429 684 501 759 post
515 674 576 739 hoc
589 675 761 740 vehemens
774 675 873 761 lupus,
885 686 918 740 et
931 675 989 740 sibi
1002 684 1035 740 et
1047 674 1128 742 hosti

206 769 309 836 Iratus
322 772 447 859 pariter,
458 774 571 861 jejunis
583 775 730 841 dentibus
743 797 827 853 acer,

206 867 399 938 Praesidium
413 873 518 960 regule
532 873 604 940 loco
617 875 740 962 dejecit,
754 887 788 941 ut
802 877 896 953 aiunt,

207 968 338 1036 Summe
352 974 471 1038 munito
484 983 517 1038 et
530 975 697 1040 mtdtnrum
710 975 806 1040 divite
819 997 934 1063 rerum.

209 1067 322 1136 Clarus
335 1073 378 1138 ol>
390 1073 421 1138 id
435 1073 562 1151 sactum,
576 1075 666 1139 donis
679 1085 809 1140 ematur
821 1076 977 1153 honestior

207 1169 334 1258 Accipit
348 1183 381 1238 et
394 1173 442 1236 bis
455 1172 537 1238 dena
550 1195 644 1259 super
657 1176 801 1240 sestertia
813 1180 986 1241 nummum.

190 1299 193 1305 ·
208 1269 303 1336 Forte
314 1273 372 1337 sub
385 1273 446 1338 hoe
460 1285 582 1359 tempus
596 1273 758 1340 castellum
772 1286 916 1341 evertere
929 1286 1058 1362 praetor

207 1369 324 1436 Nescio
338 1374 423 1458 quod
435 1375 575 1461 cupiens,
588 1375 705 1440 hortari
717 1377 823 1462 coepit
835 1378 972 1442 eundem

208 1469 332 1549 Verbis,
345 1494 426 1558 quae
440 1474 550 1542 timido
564 1495 687 1560 quoque
702 1487 830 1560 poscent
843 1478 961 1544 addere
974 1487 1133 1544 mentem:

208 1566 329 1654 Abone,
344 1596 401 1658 quo
415 1575 512 1638 virtue
527 1585 578 1638 lua
593 1585 620 1638 te
634 1587 729 1640 vocnt.
771 1577 792 1640 Ι
794 1577 873 1664 pede
877 1578 1000 1662 saneto,

209 1671 351 1737 Grandia
364 1673 483 1738 laturus
496 1677 673 1740 meritorum
679 1680 846 1764 proemia!
867 1677 953 1757 Quid
965 1683 1054 1742 etue?

208 1770 285 1837 Post
297 1772 376 1839 haec
389 1773 440 1839 ille
455 1785 551 1852 catus,
565 1778 764 1861 quantumvis
776 1779 919 1855 rusticus,
931 1777 999 1856 ltu,

209 1871 268 1936 Ibit
283 1896 316 1938 eo
331 1897 389 1960 quo
403 1876 460 1954 vis,
475 1879 527 1962 qui
541 1899 650 1942 tortum
656 1878 804 1965 perdidit,
817 1879 926 1964 inquit.

251 1972 374 2042 Romae
388 1976 497 2042 nutriri
510 1977 585 2042 mihi
599 1979 728 2066 contigit
741 1990 834 2064 atque
847 1981 957 2046 doceri

209 2072 312 2141 Iratus
326 2075 430 2142 Graiis
445 2087 596 2164 quantum
610 2079 769 2146 nocuisset
782 2080 940 2146 Achilles:

207 2174 366 2263 Adjecere
379 2177 482 2244 bonae
496 2179 589 2265 peulo
603 2180 672 2265 plus
685 2180 761 2246 artis
775 2180 940 2256 Athenne3

210 2274 338 2344 Scilicet
352 2288 386 2343 ut
399 2301 526 2372 possem
539 2301 637 2346 curvo
650 2281 835 2368 dignoscere
849 2293 981 2359 rectum,

208 2375 313 2461 Atque
328 2378 409 2451 inter
422 2380 515 2446 ednas
527 2382 682 2449 Academi
697 2403 850 2468 quaerere
862 2403 984 2448 verum.

212 2474 302 2541 Duru
315 2479 372 2542 sed
385 2499 534 2546 emovere
548 2481 619 2546 loeo
633 2503 684 2548 me
698 2493 844 2566 tempore
855 2494 957 2567 grato,

210 2575 379 2663 civilisque
393 2581 505 2644 mdem
519 2579 591 2644 belli
605 2580 673 2645 tulit
687 2591 793 2645 aestus
805 2581 839 2645 in
852 2602 949 2657 armo,

210 2673 357 2744 Caesaris
371 2678 503 2765 Augusti
517 2699 581 2744 non
594 2699 782 2766 responsura
793 2680 928 2746 lacertis.

210 2773 307 2842 Unde
321 2777 412 2843 simul
424 2779 560 2866 primum
573 2800 625 2845 me
640 2779 787 2847 dimisere
800 2779 943 2868 Philippi,

212 2875 336 2944 Decisis
349 2877 496 2945 humilem
512 2881 633 2966 pennis
647 2882 837 2968 inopemque
850 2881 973 2967 paterni

211 2976 255 3045 Et
269 2977 343 3044 laris
354 2992 388 3045 et
400 2980 497 3060 modi,
510 2992 678 3069 paupertas
690 2982 812 3068 impulit
826 2984 929 3048 audax

212 3079 259 3147 Ut
272 3101 382 3146 versus
395 3081 551 3148 lacerem:
574 3085 639 3159 sed,
653 3085 738 3168 quod
752 3105 816 3149 non
828 3083 919 3160 desit,
932 3082 1102 3150 habentem
1191 3159 1193 3164 ,

212 3179 304 3258 Quae
317 3173 465 3266 potentat
479 3203 616 3267 unquam
630 3182 705 3246 satis
718 3203 894 3269 expurgare
907 3182 1039 3260 cicutae,

209 3279 253 3346 Ni
266 3280 376 3346 melius
387 3283 525 3346 dormire
539 3292 647 3368 putem
661 3301 756 3366 quam
771 3281 909 3348 scribere
923 3282 1059 3348 versus?

528 3668 530 3677 ι
576 3626 727 3680 VARIOUS
742 3616 947 3713 nummosi

117 3771 153 3818 20.
178 3771 299 3820 Markland
318 3771 375 3834 (Ep.
400 3774 460 3820 Urit
485 3773 547 3826 166.)
564 3771 713 3827 con'ecturee,
771 3773 808 3820 ἢ
825 3771 952 3832 Coningem
971 3770 1038 3818 reede

87 3947 164 3996 dudm
174 3947 362 3996 lecondernnedb
386 3949 488 4010 Bentley.

88 4123 270 4176 thetweehoold
285 4126 339 4173 read
349 4122 579 4182 mentunimmthe
593 4137 633 4170 use
649 4121 715 4170 rede
744 4129 873 4171 eatcmtrn
882 4124 1005 4170 cderene”
1033 4122 1085 4169 'l'lie

88 4187 121 4248 by
130 4187 241 4244 Terence,
250 4185 370 4239 Gleudien.
380 4183 426 4230 end
436 4183 504 4231 stttue
512 4183 539 4230 ol
548 4183 597 4230 that
606 4182 667 4228 verb.
744 4197 806 4240 ever,
823 4197 859 4237 nie

885 4135 1196 4229 ematosaffim

1181 3767 1268 3814 esrom
1285 3781 1301 3812 e
1318 3764 1372 3814 MS.

84 3830 504 3950 statuminum
518 3836 578 3936 ‘tt
591 3830 714 3936 tzur
742 3823 1374 3944 tetensteten-:muttum

742 3957 783 3996 not
806 3948 893 3995 receive
909 3949 928 3994 ie
946 3954 1000 3994 ento
1016 3948 1055 3994 the
1070 3952 1132 3993 text:
1147 3943 1280 4003 obeemlng:
1295 3943 1373 3990 “Ee-

117 4010 154 4055 32.
168 4010 297 4070 (loningen
314 4024 351 4056 ree
391 4005 463 4068 sueti
494 4006 544 4053 The
564 4006 670 4053 collation
691 4006 718 4052 ol'
738 4017 847 4066 pegam
859 4019 1041 4067 proeepurgm
1055 4002 1196 4052 meinrodum
1205 4002 1257 4049 ltuie
1267 4001 1374 4050 renide-

88 4065 308 4125 Sexlneheesuetue
314 4067 474 4115 nummus.
505 4063 633 4112 Wakefield
642 4064 715 4110 uinta
745 4074 787 4113 tur.
817 4065 954 4111 (lienteum
965 4067 1094 4127 matut
1106 4059 1374 4182 helleborenepalene‘dffi·

1241 4180 1374 4242 namen·

118 4247 156 4293 36.
171 4247 298 4306 coniugem
305 4243 371 4292 rende
379 4244 466 4290 memte.
746 4244 792 4289 tion
802 4258 809 4297 ς
818 4197 898 4288 enrico
914 4242 1001 4302 Doring
1014 4239 1105 4312 exphin
1115 4241 1139 4296 it,
1156 4243 1173 4268 ‘⁴
1184 4239 1336 4308 Emrgpre,
1347 4240 1374 4285 li-

117 4305 154 4354 Ἄ.
164 4305 291 4368 &ningen
301 4302 367 4351 reede
375 4301 452 4348 neuen
459 4302 591 4360 arpason,
598 4300 670 4348 ontho
677 4313 716 4347 an·
745 4303 826 4348 herere
835 4301 919 4371 calore,
926 4301 1014 4370 cicutae
1023 4299 1107 4367 frigore
1116 4299 1141 4345 in

88 4365 173 4436 thodty
181 4365 208 4411 ol
217 4379 279 4412 eorm
289 4361 357 4448 Μξιὸ.
386 4361 438 4408 The
454 4374 516 4434 neme
535 4359 628 4416 medina
636 4373 717 4442 occure
745 4360 802 4407 -ln
813 4360 855 4407 tlue
865 4373 926 4429 temp
943 4359 997 4415 line,
1006 4358 1130 4406 Lambinus

87 4437 163 4472 tnone
172 4423 199 4468 of
209 4419 409 4470 PulmecneldSS.
420 4419 466 4467 end
475 4419 683 4467 rnesewoll'eee.
746 4424 819 4480 mnne,
828 4425 1001 4481 cnoonJectore.

119 4483 157 4530 46.
173 4481 264 4528 Several
272 4481 340 4530 MSS.
355 4477 471 4589 endeerlp
486 4479 583 4526 editione
592 4478 649 4525 ltere
656 4489 717 4523 amo

32 4546 36 4559 ¹
88 4552 144 4588 um
152 4539 257 4588 whicltie
325 4539 443 4600 nubytl.
471 4537 611 4602 tepltene‚D.
626 4536 717 4585 Heinsi-

87 4599 242 4660 semema,
252 4597 298 4647 end
372 4629 379 4646 .

1250 4300 1374 4348 exttnelo”

1202 4357 1283 4422 δέομαι
1291 4355 1325 4402 lor
1340 4356 1372 4404 α’·
