2975 4942
605 295 635 346 Q.
652 287 786 340 uenerit
801 289 918 338 Itucci

234 463 387 531 Versibus
401 460 528 528 alternis
541 457 711 546 opprobria
723 459 839 524 medea
852 458 931 524 fudit
944 472 953 532 ς

235 565 441 648 Libertasque
456 571 653 628 recurrentes
666 571 801 646 acceptu
811 582 871 646 per
883 581 982 626 anuos

234 665 324 734 Lusit
338 663 521 744 amabiliter,
535 665 638 728 donee
648 661 715 748 jam
728 681 840 726 meum
854 672 995 746 apertam

235 757 275 834 ln
289 766 409 834 rabiem
422 765 503 830 verti
516 763 622 848 coepit
632 763 732 849 jocus,
745 772 779 827 et
792 783 851 847 per
863 762 1012 826 honestes
1118 760 1121 770 '

234 869 287 936 Ire
301 869 414 934 domos
427 866 552 950 impune
566 864 681 928 minax.
725 861 866 928 Doluere
880 872 1013 928 cmento

235 968 341 1037 Dente
356 965 489 1032 lacessiti
500 988 510 1041 ς
530 963 588 1028 suit
601 963 726 1029 intactis
739 983 865 1048 quoque
878 985 957 1028 cura

236 1067 425 1136 conditione
440 1085 535 1150 super
548 1064 730 1139 eommnni;
750 1064 934 1148 quinetiam
947 1062 1000 1128 lex

236 1169 406 1254 Poenaque
420 1166 492 1245 lata,
505 1163 590 1232 mab
603 1185 684 1250 quae
699 1163 796 1228 uolet
809 1166 950 1230 carmine
964 1185 1156 1249 quemquam
1233 1191 1237 1198 ·

236 1267 392 1340 Descrlbi
434 1267 570 1333 Vertere
584 1265 723 1342 modum,
736 1263 902 1330 formidine
916 1265 1006 1332 tusus

235 1373 290 1440 Ad
303 1371 385 1436 bene
398 1369 567 1436 dicendum
579 1365 862 1452 delectandumque
876 1367 1006 1432 redacti

184 1525 187 1534 .
280 1471 418 1540 Graecia
431 1479 526 1554 capta
538 1469 641 1534 fenim
653 1469 809 1536 nidorem
821 1469 915 1554 cepit,
928 1478 963 1534 et
974 1477 1059 1534 artes

238 1571 345 1644 Intulit
358 1570 474 1658 agresti
487 1568 600 1636 Iatioi
621 1569 667 1634 sic
679 1569 824 1636 horridus
835 1568 900 1634 ille-

236 1671 378 1744 Delluxit
391 1689 539 1736 numanis
553 1669 736 1746 Saturnium
758 1679 792 1733 et
803 1690 902 1755 grave
914 1669 999 1736 virus
1089 1701 1092 1706 ·

237 1771 413 1844 Munditiae
427 1769 597 1858 pepulerat
619 1771 675 1836 sed
689 1771 722 1863 in
734 1769 863 1858 longua
875 1781 983 1840 tamen
996 1788 1110 1838 neuun
1232 1793 1236 1798 ’

236 1875 424 1948 manserunt
437 1871 592 1958 hodieque
605 1883 735 1938 manent
747 1871 880 1958 vestigia
891 1873 982 1939 ruris.

238 1980 337 2044 Senis
350 1975 434 2040 enim
449 1973 581 2040 Graecis
595 1973 734 2039 admovit
747 1973 893 2039 acumina
906 1974 1041 2051 chautim

237 2078 282 2146 Et
295 2086 367 2162 post
381 2075 500 2142 Punica
511 2071 596 2138 bella
608 2073 731 2158 quietus
745 2095 898 2158 quaerere
911 2075 1026 2161 coepit,

225 2179 324 2258 ,Quid
339 2173 513 2262 Sophocles
528 2186 561 2241 et
574 2173 709 2260 Thespis
723 2184 756 2239 et
769 2173 945 2260 Aeschylus
957 2176 1033 2242 utile
1045 2177 1171 2245 fen-ent.

236 2278 386 2347 'lentavit
400 2293 525 2360 quoque
538 2293 617 2352 rem,
629 2277 655 2340 si
669 2266 766 2360 digne
775 2285 900 2340 vertere
913 2288 1043 2362 posset3

236 2381 280 2449 Et
293 2376 408 2464 placuit
421 2375 487 2452 sibi,
500 2383 612 2440 natura
624 2375 764 2443 sublimis
776 2389 810 2443 et
822 2399 918 2454 aoer;

235 2479 321 2548 Nam
334 2477 431 2564 spirat
443 2475 598 2563 tragicum
611 2477 694 2554 satis,
706 2489 740 2542 et
753 2477 888 2546 feliciter
899 2483 994 2548 audet
1005 2509 1014 2559 ;

238 2580 305 2649 Sed
318 2590 443 2664 turpem
456 2587 544 2664 putat
557 2578 667 2648 inscite
681 2580 854 2666 metantque
868 2580 1002 2648 lituram.

278 2679 436 2757 Creditur,
449 2699 490 2744 ex
504 2679 609 2744 medio
622 2679 696 2764 quia
708 2701 760 2745 res
774 2682 913 2760 nocent,
925 2683 1043 2749 habere

234 2781 367 2851 Sudoris
380 2781 554 2858 minimum,
566 2783 624 2846 sed
637 2780 733 2846 hebet
747 2781 923 2850 Comoedia
936 2792 1025 2850 anto

234 2886 310 2954 Plus
324 2884 437 2960 oneris,
450 2893 567 2968 quanto
581 2882 691 2948 veniae
705 2883 817 2949 minus.
860 2885 1009 2970 Adspice,
1023 2886 1151 2954 Plautus

235 2988 311 3066 Quo
324 2995 418 3072 pacto
430 2995 537 3070 partes
551 2994 669 3050 tutetur
681 2979 815 3052 amantis
826 2985 940 3071 ephebi
951 3012 961 3062 ς

236 3089 284 3158 Ut
297 3087 394 3175 patrie
407 3087 538 3162 attentir
559 3085 679 3152 lenonis
692 3096 727 3152 ut
739 3085 897 3153 insidiosi:

236 3189 382 3268 Quantus
396 3187 435 3251 sit
449 3185 633 3252 Dossennus
647 3183 797 3254 edacibus
811 3188 843 3252 in
857 3190 1020 3273 parasitis,

236 3291 342 3368 Quam
355 3308 418 3353 non
432 3287 582 3352 adstricto
595 3297 759 3373 percurrat
772 3287 890 3374 pulpito
904 3311 1007 3355 socco.

236 3388 341 3456 Gestit
355 3381 440 3454 enlm
453 3403 617 3454 nummum
631 3388 663 3452 in
676 3387 796 3453 loculos
809 3389 984 3470 demittere,
994 3403 1066 3477 post
1078 3394 1141 3459 hoc

579 3708 731 3766 VARIOUS
746 3711 934 3768 READINGS.

107 3893 142 3947 ta,
150 3891 192 3936 but
200 3890 290 3937 inuecta
304 3887 321 3932 is
335 3886 402 3946 given
413 3884 436 3930 in
447 3885 484 3930 the
495 3884 585 3930 citation
595 3883 621 3929 of
637 3883 680 3928 this
690 3883 735 3930 line
794 3885 845 3931 158.
860 3883 1011 3932 Auratusand
1021 3887 1154 3949 Rutgersius
1169 3888 1307 3952 conjecture
1316 3894 1346 3941 ei
1354 3909 1399 3942 m

148 3947 226 4004 Barth,
235 3949 275 4006 <ud
285 3945 366 3992 Claud.
377 3961 398 4005 p.
409 3935 470 3994 l'65.)
479 3943 523 3990 and
535 3943 583 4012 also
593 3944 621 4002 by
632 3942 735 3998 Politian,
766 3944 853 3991 batere
863 3943 973 3991 relutedb
998 3945 1099 4006 Bentley.
1401 3928 1410 3952 ³

53 4027 56 4036 ¹
108 4009 206 4064 ,naseu
217 4007 326 4062 Passerat,
334 4005 424 4064 Popma,
432 4003 477 4050 and
488 4003 612 4048 Ferrarius.
640 4001 736 4060 Bentley
796 4005 847 4051 150.
863 3961 1042 4066 valandlraefi
1060 4006 1170 4055 udHor.
1184 4009 1244 4060 xiv.)
1259 4011 1410 4076 mm

134 4073 149 4112 'u
157 4067 215 4112 been
231 4065 334 4113 followed
345 4065 374 4123 by
382 4063 517 4122 (luiningam,
525 4057 637 4118 Sanadon,
649 4059 736 4116 Valart,
765 4064 829 4119 ruri.

141 4121 381 4172 alrefleldandotbcrs.
412 4123 459 4169 We
468 4123 525 4166 have
533 4120 735 4181 lilaewiscadopted
790 4118 841 4170 lul.
856 4122 908 4168 The
923 4138 1024 4171 cumuuuu
1035 4123 1130 4185 reading
1147 4127 1166 4172 is
1174 4128 1412 4188 inseriptsswhieh

105 4181 295 4234 theemandatlon
304 4199 329 4230 as
338 4185 372 4230 tar
379 4181 505 4244 preferable
515 4188 538 4226 to
547 4180 584 4228 the
593 4181 661 4227 harah
671 4179 735 4227 read·
765 4180 891 4243 originuted
901 4183 954 4230 with
962 4185 999 4230 the
1014 4185 1078 4244 early
1087 4182 1190 4234 editions
1222 4188 1280 4236 'l'he
1294 4197 1414 4238 mu·

106 4248 147 4308 ing
155 4239 183 4289 ol*
192 4241 338 4290 thecummon
347 4249 413 4290 texts.
766 4242 827 4288 cient
836 4241 904 4289 MSS.
914 4243 971 4289 hare
980 4244 1068 4300 ineat,
1076 4245 1237 4293 whichseeme
1246 4250 1415 4296 toliavebeeu

138 4303 189 4350 tus.
205 4299 258 4346 The
265 4313 366 4348 common
375 4291 471 4365 reading
488 4297 629 4368 uertiecepit
638 4299 737 4360 cwesits
767 4303 804 4347 the
811 4298 906 4372 reading
914 4301 941 4348 ol
945 4303 983 4349 the
992 4303 1110 4370 scholiasta
1115 4305 1413 4410 yffi'hffi‘bym

103 4355 738 4525 qvatttctltttibttlttt‘lltldtt
767 4361 1161 4474 “trisulllst‘ffie,
1169 4366 1394 4474 allam

145 4475 184 4522 the
193 4477 244 4523 best
260 4473 331 4522 Mes.
347 4473 392 4519 und
408 4490 421 4520 e
439 4476 512 4532 itione,
530 4489 556 4522 as
572 4473 691 4538 rendering
700 4475 737 4522 the
797 4482 847 4530 17⁵.
863 4476 939 4527 Three
947 4478 975 4527 ol
983 4479 1124 4530 Benunnn's
1132 4481 1201 4536 MSS.
1212 4485 1414 4544 heremum.

107 4527 557 4650 ‘straminum
676 4591 738 4638 ,n
765 4534 920 4647 mean
939 4540 1122 4627 aava
1135 4540 1212 4592 ,n
1226 4545 1416 4607 “aerem
