2975 4942
596 385 628 434 Q·
643 377 782 427 Homul!
799 380 917 427 Flacci

240 548 353 614 Ebrius
367 558 404 623 et,
416 560 563 633 stagnum
576 544 658 633 qnod
670 543 807 621 dedecus,
820 544 951 607 emisdet
965 548 1034 607 oste

238 648 367 714 Noctem
378 647 588 733 crcufucibru.
600 682 646 695 --
658 644 819 729 Numquid
833 643 1024 729 Pomponius
1037 642 1102 709 istis

238 748 372 817 Audiret
385 747 510 824 leviora,
524 754 616 832 puter
629 745 656 811 si
669 744 812 811 viveretl
834 744 922 831 Ergo

238 849 314 915 Non
327 850 401 914 satis
414 858 462 913 est
475 847 562 935 punis
573 866 701 913 versun
713 844 910 931 perscribere
923 844 1038 921 verbis,

238 949 344 1028 Quem
359 948 385 1013 si
396 947 555 1023 (luscium,
568 945 670 1031 quivis
680 944 895 1011 stomachetur
907 946 1023 1011 eodem

238 1050 313 1129 Quo
326 1059 511 1137 pemouatus
523 1057 619 1133 pacto
632 1058 733 1133 pater.
777 1044 848 1123 His,
860 1067 922 1133 ego
935 1066 1017 1131 quae
1031 1063 1123 1123 nuuc,

238 1150 325 1217 Olim
336 1170 417 1236 quae
431 1148 555 1235 scripsit
569 1146 718 1223 Lucilius,
730 1145 846 1231 eripias
860 1143 888 1213 si

235 1250 397 1337 Tempora
410 1260 499 1316 certa
511 1248 696 1333 modosque,
708 1258 742 1311 et
755 1248 840 1331 quod
853 1246 939 1333 prius
952 1246 1062 1315 ordine
1075 1243 1207 1313 verbum
1220 1254 1278 1321 est,

238 1350 398 1417 Posterius
411 1349 518 1427 iacias,
530 1368 730 1435 praeponens
741 1348 851 1413 ultima
863 1349 971 1436 prinus
982 1372 991 1414 :

235 1451 319 1528 Non,
332 1464 367 1519 ut
380 1452 406 1517 si
420 1451 534 1528 solvas,
545 1460 564 1489 “
573 1450 740 1537 Postquam
754 1448 910 1517 discordia
925 1460 1003 1515 tetre

234 1551 460 1636 Belliferrutos
470 1561 571 1644 postes
578 1561 744 1637 postesque
758 1552 887 1636 refregit
898 1552 927 1615 .·”
1025 1550 1027 1555 ’

234 1652 379 1719 Invenias
392 1652 489 1717 etiarn
500 1652 624 1738 disjecti
637 1651 781 1717 membra
793 1657 906 1737 potue
919 1676 928 1727 ;

280 1752 446 1819 Hactenus
458 1752 558 1819 baec:
580 1752 664 1828 alitur¹
673 1752 792 1839 justum
806 1752 846 1819 sit
859 1772 960 1817 necue
974 1758 1108 1838 poima3

235 1850 331 1919 Nune
344 1853 419 1921 illud
433 1864 555 1919 tautum
568 1868 730 1937 quaeram,
743 1852 897 1918 meritone
910 1852 966 1918 tibi
981 1853 1020 1917 sit

234 1953 429 2040 Suspectum
441 1974 541 2039 genus
554 1952 617 2019 boc
630 1952 797 2018 scribendi.
841 1952 965 2019 Sulcius
978 1972 1055 2019 acer

235 2054 386 2120 Ambulat
398 2064 432 2118 et
446 2053 589 2139 Caprium,
601 2053 689 2144 rauci
702 2052 785 2119 male
798 2074 934 2139 eumque
947 2054 1066 2131 libellis,

233 2154 370 2242 Magnus
382 2164 514 2240 uterque
527 2154 624 2219 timor
634 2152 827 2221 latronibus:
849 2166 881 2221 ut
894 2156 976 2221 bene
989 2156 1016 2221 si
1030 2156 1099 2241 quis

233 2254 277 2321 Et
290 2256 377 2321 visat
387 2255 474 2341 puris
486 2253 640 2331 munibus,
653 2265 835 2322 contemnat
849 2265 1025 2341 utrumque.

232 2356 279 2423 Ut
293 2354 334 2422 sis
346 2367 382 2421 tu
394 2354 500 2420 similis
514 2354 604 2421 Caeli
618 2354 772 2440 Birrique,
786 2356 952 2439 latronum,

232 2454 307 2523 Nou
321 2477 381 2543 ego
396 2476 465 2521 sum
480 2455 577 2541 Capri
590 2475 694 2540 mque
707 2456 816 2523 Sulci:
838 2480 897 2523 cur
908 2468 1033 2525 metuas
1045 2460 1122 2523 mel

206 2586 210 2594 ·
233 2556 329 2624 Nulla
340 2556 474 2622 taberna
486 2576 576 2621 meos
589 2556 705 2621 habeat
717 2578 821 2643 neque
835 2559 899 2645 pilu
912 2550 1042 2637 libellos,

230 2656 330 2736 Queis
343 2678 453 2723 manus
463 2656 589 2723 insudet
601 2656 686 2745 vulgi
699 2658 974 2745 Hermogenisque
989 2660 1112 2748 Tigelli,

233 2758 306 2824 Nec
318 2759 418 2824 recito
431 2758 587 2845 cuiquam,
601 2758 659 2826 nisi
672 2760 791 2837 emtas,
805 2760 900 2847 idque
913 2772 1051 2839 coactus,

144 2937 146 2940 ,
232 2860 307 2927 Non
322 2859 431 2937 ubivis,
445 2880 594 2925 eorumve
608 2860 804 2945 quibuslibet.
819 2898 861 2913 -·-
873 2863 910 2927 In
922 2862 1020 2929 medio
1034 2867 1086 2951 qui

230 2962 433 3048 Scrictcsoro
445 2965 580 3038 recitent,
593 2973 666 3025 suut
676 2964 775 3039 multi,
789 2966 896 3051 quique
912 2966 1072 3047 tacentes,-

229 3061 328 3124 Suuoe
343 3060 425 3125 iocus
438 3063 505 3125 roci
517 3073 640 3125 resonet
653 3056 821 3128 coarctatas.
836 3100 877 3115 --
890 3063 1006 3131 lnanes

229 3160 305 3226 Hoc
318 3162 416 3249 iuvat,
429 3162 512 3227 haud
525 3159 600 3228 illud
615 3176 814 3247 quaerentes,
828 3182 904 3229 uum
918 3166 984 3231 sine
999 3186 1101 3243 sensu,

230 3260 391 3347 Tempore
404 3284 480 3327 uurn
494 3261 611 3328 iaciant
624 3263 735 3329 alieno.
750 3296 792 3313 *-
805 3264 941 3329 Laedere
954 3265 1081 3351 gaudes,

229 3362 343 3446 Inquit,
357 3374 384 3425 et
398 3364 453 3427 boc
467 3364 567 3427 studio
576 3366 798 3450 prauussecis.
813 3399 852 3410 -
867 3364 962 3434 Unde
976 3366 1108 3456 petitum

228 3462 305 3528 Hoc
317 3463 348 3527 in
362 3484 413 3527 me
424 3464 524 3549 jacisi
546 3476 595 3530 est
608 3476 718 3532 auctor
732 3465 801 3551 quis
815 3467 950 3555 denique
965 3488 1084 3545 eorum,

227 3564 302 3629 Vixi
316 3584 389 3627 erun
403 3564 538 3648 quibust
560 3566 736 3631 Absentem
749 3567 803 3653 qui
817 3570 899 3635 rodit
914 3569 1058 3647 amicum,

228 3660 294 3742 Qui
307 3680 371 3729 uon
382 3664 523 3731 defendit
537 3665 598 3731 ulio
611 3667 769 3753 culpante,
784 3668 900 3735 solutos

230 3766 294 3844 Qui
308 3776 414 3853 captat
426 3766 506 3831 risis
519 3767 680 3833 bominum
693 3769 874 3855 famamque
886 3771 1014 3847 dicacis,

571 4063 724 4121 vsarous
740 4054 926 4121 mantuus.

128 4208 165 4258 ii.
182 4200 309 4274 (trisingum
318 4210 534 4272 mudsmrisuicut
545 4214 661 4262 mmm.
758 4217 849 4263 recitem
866 4213 1001 4275 quidquam,
1026 4213 1101 4261 which
1119 4214 1149 4261 he
1168 4214 1270 4263 receives
1288 4217 1339 4265 into
1358 4218 1395 4264 tae

128 4274 165 4321 ⁶⁹.
179 4269 263 4321 Beate
290 4270 410 4339 sudumst
424 4273 560 4333 subssqusnt
573 4272 658 4321 editors
672 4274 729 4321 bure
759 4283 813 4322 text
838 4274 1098 4333 Sansdnnsollowsbim.
1122 4274 1396 4324 Oberlinusaudwuke·

98 4327 219 4393 Birrique.
265 4331 729 4394 eubouererffeadrByrriiquaontbe
758 4333 1036 4384 baldreadNecrrcr'tcm
1045 4331 1179 4395 quidquem.

98 4388 730 4499 αυξωῖὥῖαιὶιῗῗῆοῇξὸδζξνζῗιὲονιᾷἐίἕ8131ηέ
787 4394 824 4500 id
839 4392 1142 4513 gbbibbdrmmohdfflibgbb
1147 4393 1248 4513 adductis,
1266 4454 1303 4501 ior
1319 4456 1396 4503 wbiclr

98 4507 126 4553 oi
137 4508 281 4555 Lambinus’s
302 4506 354 4567 give
369 4506 431 4552 Nos
444 4508 535 4577 maan
556 4509 731 4577 lieutleyreads
758 4510 856 4571 Bentley
865 4513 906 4558 bas
921 4510 1010 4569 Inquit,
1027 4525 1054 4557 as
1069 4526 1132 4559 rurore
1145 4514 1169 4561 iu
1185 4512 1331 4562 accordance
1339 4514 1396 4561 uritis

98 4565 152 4612 Nec
160 4563 252 4635 recr‘tm
261 4565 394 4625 quicquum,
403 4565 433 4611 ad
464 4573 512 4625 trug
561 4572 729 4629 equaruouthe
758 4570 1082 4631 tbeidlornottlrelarrguags.
1112 4566 1393 4635 Heisiollowedbycu·

100 4626 213 4685 numurus
222 4626 249 4671 ol
253 4641 271 4692 ιΙ
277 4623 349 4685 single
358 4622 409 4669 MS.
434 4580 489 4669 {ibe
497 4580 729 4676 edlbiionoiSuim
758 4628 858 4689 uirgam,
881 4628 993 4685 Ssuadou,
1013 4626 1150 4687 Wakefield,
1173 4630 1267 4695 During,
1292 4632 1393 4687 Humtsr,

100 4683 147 4730 also
155 4686 221 4744 gives
229 4696 361 4743 quicquum
375 4682 513 4743 ,cuningus
523 4685 663 4744 cmjectures
671 4688 729 4735 Neu
758 4688 828 4745 Kidd,
838 4688 918 4744 buthe,
925 4688 1058 4737 endothers.
