2975 4942
309 706 1062 818 PROOEMIUM.

612 1275 672 1363 Q.
686 1273 747 1348 B.
761 1271 819 1347 V.

129 1711 284 1792 Poinie
294 1713 471 1792 Venusini
484 1713 749 1816 jucundissima
758 1709 966 1819 recordatio
983 1727 1127 1816 tempus
1140 1741 1261 1798 rerum
1272 1691 1378 1798 edax'

5 1893 6 1896 =
81 1855 119 1916 et
131 1855 282 1943 superat
293 1857 332 1920 et
344 1856 401 1920 et
413 1856 639 1944 superatura.
689 1842 885 1942 Imperium
898 1843 976 1918 sine
991 1843 1076 1944 fine,
1087 1847 1190 1944 genti
1201 1858 1369 1948 togatae,

5 1921 11 1996 l
81 1973 134 2045 uti
150 1971 262 2050 Maro
279 1976 425 2064 cecinit,
443 1975 618 2074 auspiciis
640 1973 736 2049 coeli
760 1985 1030 2063 consecratum,
1047 1974 1147 2074 quod
1163 1999 1234 2052 nec
1265 1977 1370 2056 dirae

5 2116 6 2128 ³
81 2100 242 2192 ultrices,
261 2128 333 2180 nec
359 2105 398 2182 dt
426 2104 613 2180 morientis
643 2103 798 2192 Elissae,
822 2127 893 2178 nec
920 2115 1109 2180 vastantes
1128 2106 1373 2184 barbarorum

82 2230 241 2328 impetus
274 2230 397 2307 delere
425 2243 634 2330 potuerunt,
665 2232 789 2308 adhuc
820 2232 943 2331 viget:
968 2231 1062 2309 inter
1091 2234 1225 2310 mtium
1253 2236 1372 2310 moni·

5 2397 6 2414 π
83 2371 219 2450 menta,
235 2360 329 2436 inter
345 2361 500 2460 gloriam
516 2361 702 2438 literarum
737 2358 1010 2459 sempiternam,
1025 2359 1148 2438 adhuc
1177 2362 1372 2439 immotum

85 2509 278 2564 remanens
295 2488 503 2564 dominatur
521 2502 633 2588 atque
665 2488 873 2587 triumphat.
926 2485 1014 2564 Vati
1041 2487 1225 2580 Romano,
1249 2490 1372 2566 futura

6 2599 7 2602 Ὺ
86 2615 237 2692 saecula
268 2619 520 2717 prospicienti,
543 2619 755 2716 nominique
787 2641 857 2693 suo
882 2631 920 2694 et
946 2614 1094 2694 laudem
1118 2642 1317 2718 perennem
1332 2621 1373 2696 e‘t

6 2799 7 2846 ,
87 2745 208 2822 famae
242 2748 555 2824 immortalitatem
592 2748 798 2846 auguranti,
834 2747 931 2822 haec
969 2746 1049 2822 visa
1078 2760 1135 2822 est
1165 2750 1373 2826 certissima

6 2869 8 2942 l
88 2876 298 2966 aeternitas,
315 2877 347 2952 si
364 2877 580 2952 memoriam
597 2875 654 2950 sui
673 2875 796 2950 invida
820 2874 919 2950 haud
935 2875 1107 2950 obrueret
1120 2875 1266 2965 oblivio,
1284 2878 1372 2952 dum

6 3087 8 3104 ζ
90 3003 259 3080 Romana
274 3003 420 3080 Palatia
442 3007 534 3080 inter
564 3003 720 3104 populos
748 3003 925 3078 subactos
958 3003 1125 3078 victricia
1141 3015 1292 3093 starent,
1320 3003 1373 3078 al·

6 3109 8 3170 l
90 3143 238 3232 tumque
251 3132 486 3232 Capitolium,
502 3134 620 3210 tacita
636 3132 838 3210 comitante
863 3129 1018 3230 Vestali,
1035 3130 1178 3231 patriae
1194 3132 1371 3210 sacerdos

7 3317 9 3332 2
93 3261 319 3338 ascenderet.
384 3263 503 3354 Quasi
533 3263 676 3338 urbium
711 3263 851 3360 regina,
890 3260 1061 3336 immunis
1093 3260 1160 3336 tati
1200 3261 1372 3362 nulloque

8 3381 9 3384 ‘
93 3411 183 3464 aevo
196 3391 366 3488 peritura,
390 3402 428 3465 et
444 3403 563 3466 metas
580 3413 701 3466 reruni
719 3403 758 3465 et
773 3403 942 3488 tempora
956 3399 1219 3477 contemneret,
1235 3367 1373 3466 Rorna-

11 3607 19 3633 ἱ
93 3539 234 3614 uaeque
250 3517 350 3616 lyrae
366 3518 521 3594 fidicinis
547 3543 621 3594 non
638 3542 722 3592 cum
739 3518 837 3592 vitae
853 3516 1017 3592 terminis
1033 3515 1258 3592 dimetienda
1273 3532 1374 3594 esset

95 3647 408 3735 commemoratio,
424 3649 491 3722 sed
504 3672 589 3723 cum
605 3648 706 3722 omni
722 3646 937 3746 posteritate
956 3644 1209 3745 adaequanda.
1255 3645 1374 3729 Fefel·

100 3771 170 3850 ime
195 3782 346 3874 poe'tam
363 3776 539 3852 divinatio
555 3801 635 3865 sua,
661 3801 720 3864 an,
744 3799 830 3850 cum
846 3776 989 3850 animus
1007 3775 1046 3850 in
1061 3787 1249 3874 posterum
1267 3801 1373 3875 prae·

97 3903 255 3992 sentiret,
266 3903 407 3980 litturae
424 3904 546 3980 sannae
558 3929 664 3981 veras
681 3905 862 4004 imagines
875 3917 913 3980 et
926 3902 1116 3982 Musarum
1128 3904 1278 3984 alumno
1295 3906 1373 4006 dig-

98 4032 265 4108 nissimos
277 4033 435 4108 honores
453 4035 646 4134 adspexit?
673 4033 803 4128 lmmo,
815 4031 1160 4108 omniaetfeliciora
1172 4033 1373 4134 contigere.

100 4157 184 4234 Silet
208 4161 432 4259 Capitolium
444 4195 454 4250 ;
481 4163 651 4238 Romana
667 4163 812 4240 Palatia
841 4163 947 4238 silent
957 4193 969 4250 3
994 4162 1060 4236 sed
1093 4163 1130 4236 in
1153 4165 1374 4251 carminibus

101 4285 242 4363 Horatii
261 4291 381 4388 patria
410 4316 478 4367 sua
495 4293 592 4380 vivit,
621 4291 836 4390 regiumque
869 4291 1007 4388 ingenii
1030 4291 1275 4388 principatum
1309 4291 1374 4365 ob·

102 4415 224 4505 tinans,
247 4418 369 4496 adhuc
387 4423 466 4496 orbi
484 4422 700 4498 dominatur.
751 4419 897 4496 Etenim
916 4418 1011 4494 haec
1027 4433 1084 4495 est
1103 4442 1191 4494 vera
1215 4418 1373 4492 civitatis
