<?xml version="1.0" encoding="UTF-8"?>
<!DOCTYPE html PUBLIC "-//W3C//DTD XHTML 1.0 Transitional//EN"
    "http://www.w3.org/TR/xhtml1/DTD/xhtml1-transitional.dtd">
<html xmlns="http://www.w3.org/1999/xhtml" xml:lang="en" lang="en">
 <head>
  <title>
</title>
<meta http-equiv="Content-Type" content="text/html;charset=utf-8" />
  <meta name='ocr-system' content='tesseract 3.04.00' />
  <meta name='ocr-capabilities' content='ocr_page ocr_carea ocr_par ocr_line ocrx_word'/>
</head>
<body>
  <div class='ocr_page' id='page_1' title='image "./qhoratiiflaccip00anthgoog_0396.png"; bbox 0 0 2975 4942; ppageno 0'>
   <div class='ocr_carea' id='block_1_1' title="bbox 623 320 943 372">
    <p class='ocr_par' dir='ltr' id='par_1_1' title="bbox 623 320 943 372">
     <span class='ocr_line' id='line_1_1' title="bbox 623 320 943 372; baseline -0.025 0"><span class='ocrx_word' id='word_1_1' title='bbox 623 321 654 372; x_wconf 71' lang='lat' dir='ltr'>Q·</span> <span class='ocrx_word' id='word_1_2' title='bbox 671 321 805 370; x_wconf 74' lang='lat' dir='ltr'>enutrit</span> <span class='ocrx_word' id='word_1_3' title='bbox 821 320 943 365; x_wconf 74' lang='lat' dir='ltr'>runcct</span> 
     </span>
    </p>
   </div>
   <div class='ocr_carea' id='block_1_2' title="bbox 199 504 1172 996">
    <p class='ocr_par' dir='ltr' id='par_1_2' title="bbox 259 504 1172 592">
     <span class='ocr_line' id='line_1_2' title="bbox 259 504 1172 592; baseline -0.005 -19"><span class='ocrx_word' id='word_1_4' title='bbox 259 505 378 592; x_wconf 86' lang='lat' dir='ltr'>Meque</span> <span class='ocrx_word' id='word_1_5' title='bbox 392 517 425 572; x_wconf 90' lang='lat' dir='ltr'>et</span> <span class='ocrx_word' id='word_1_6' title='bbox 438 517 493 581; x_wconf 88' lang='lat' dir='ltr'>te;</span> <span class='ocrx_word' id='word_1_7' title='bbox 514 526 598 582; x_wconf 90' lang='lat' dir='ltr'>nam,</span> <span class='ocrx_word' id='word_1_8' title='bbox 611 527 692 590; x_wconf 85' lang='lat' dir='ltr'>quoe</span> <span class='ocrx_word' id='word_1_9' title='bbox 706 507 832 571; x_wconf 89' lang='lat' dir='ltr'>deserta</span> <span class='ocrx_word' id='word_1_10' title='bbox 846 516 878 569; x_wconf 90' lang='lat' dir='ltr'>et</span> <span class='ocrx_word' id='word_1_11' title='bbox 891 504 1045 589; x_wconf 82' lang='lat' dir='ltr'>inhospita</span> <span class='ocrx_word' id='word_1_12' title='bbox 1059 515 1172 589; x_wconf 82' lang='lat' dir='ltr'><strong>tesqua</strong></span> 
     </span>
    </p>

    <p class='ocr_par' dir='ltr' id='par_1_3' title="bbox 259 605 1085 690">
     <span class='ocr_line' id='line_1_3' title="bbox 259 605 1085 690; baseline -0.006 -15"><span class='ocrx_word' id='word_1_13' title='bbox 259 609 381 686; x_wconf 87' lang='lat' dir='ltr'>Credis,</span> <span class='ocrx_word' id='word_1_14' title='bbox 395 629 529 674; x_wconf 87' lang='lat' dir='ltr'>amoena</span> <span class='ocrx_word' id='word_1_15' title='bbox 541 616 637 671; x_wconf 86' lang='lat' dir='ltr'>vocat</span> <span class='ocrx_word' id='word_1_16' title='bbox 650 627 776 671; x_wconf 90' lang='lat' dir='ltr'>mecum</span> <span class='ocrx_word' id='word_1_17' title='bbox 790 607 843 690; x_wconf 93' lang='lat' dir='ltr'>qui</span> <span class='ocrx_word' id='word_1_18' title='bbox 857 605 959 682; x_wconf 83' lang='lat' dir='ltr'>sentit,</span> <span class='ocrx_word' id='word_1_19' title='bbox 973 615 1006 669; x_wconf 91' lang='lat' dir='ltr'>et</span> <span class='ocrx_word' id='word_1_20' title='bbox 1020 606 1085 670; x_wconf 90' lang='lat' dir='ltr'>odit</span> 
     </span>
    </p>

    <p class='ocr_par' dir='ltr' id='par_1_4' title="bbox 199 705 1170 888">
     <span class='ocr_line' id='line_1_4' title="bbox 259 705 1170 794; baseline -0.007 -20"><span class='ocrx_word' id='word_1_21' title='bbox 259 708 350 787; x_wconf 86' lang='lat' dir='ltr'>Quae</span> <span class='ocrx_word' id='word_1_22' title='bbox 364 719 399 774; x_wconf 93' lang='lat' dir='ltr'>tu</span> <span class='ocrx_word' id='word_1_23' title='bbox 412 707 541 794; x_wconf 87' lang='lat' dir='ltr'>pulchra</span> <span class='ocrx_word' id='word_1_24' title='bbox 555 717 654 791; x_wconf 78' lang='lat' dir='ltr'>putas.</span> <span class='ocrx_word' id='word_1_25' title='bbox 697 705 814 774; x_wconf 83' lang='lat' dir='ltr'>Fornix</span> <span class='ocrx_word' id='word_1_26' title='bbox 829 705 884 769; x_wconf 92' lang='lat' dir='ltr'>tibi</span> <span class='ocrx_word' id='word_1_27' title='bbox 898 715 931 769; x_wconf 91' lang='lat' dir='ltr'>et</span> <span class='ocrx_word' id='word_1_28' title='bbox 945 715 1041 769; x_wconf 90' lang='lat' dir='ltr'>uncta</span> <span class='ocrx_word' id='word_1_29' title='bbox 1052 705 1170 791; x_wconf 87' lang='lat' dir='ltr'>popina</span> 
     </span>
     <span class='ocr_line' id='line_1_5' title="bbox 199 791 1006 888; baseline -0.011 -11"><span class='ocrx_word' id='word_1_30' title='bbox 199 791 203 812; x_wconf 57' lang='lat'>⁵</span> <span class='ocrx_word' id='word_1_31' title='bbox 257 809 415 876; x_wconf 88' lang='lat' dir='ltr'>lucutiunt</span> <span class='ocrx_word' id='word_1_32' title='bbox 428 806 513 872; x_wconf 89' lang='lat' dir='ltr'>urbis</span> <span class='ocrx_word' id='word_1_33' title='bbox 526 805 725 882; x_wconf 85' lang='lat' dir='ltr'>desiderium,</span> <span class='ocrx_word' id='word_1_34' title='bbox 738 805 852 880; x_wconf 82' lang='lat' dir='ltr'>vide03</span> <span class='ocrx_word' id='word_1_35' title='bbox 873 814 907 868; x_wconf 92' lang='lat' dir='ltr'>et</span> <span class='ocrx_word' id='word_1_36' title='bbox 921 805 1006 888; x_wconf 90' lang='lat' dir='ltr'>quod</span> 
     </span>
    </p>

    <p class='ocr_par' dir='ltr' id='par_1_5' title="bbox 256 905 1000 996">
     <span class='ocr_line' id='line_1_6' title="bbox 256 905 1000 996; baseline -0.007 -21"><span class='ocrx_word' id='word_1_37' title='bbox 256 908 399 996; x_wconf 78' lang='lat' dir='ltr'>Angulus</span> <span class='ocrx_word' id='word_1_38' title='bbox 412 909 470 974; x_wconf 90' lang='lat' dir='ltr'>iste</span> <span class='ocrx_word' id='word_1_39' title='bbox 485 907 566 973; x_wconf 88' lang='lat' dir='ltr'>feret</span> <span class='ocrx_word' id='word_1_40' title='bbox 580 907 670 992; x_wconf 89' lang='lat' dir='ltr'>piper</span> <span class='ocrx_word' id='word_1_41' title='bbox 683 916 717 970; x_wconf 89' lang='lat' dir='ltr'>et</span> <span class='ocrx_word' id='word_1_42' title='bbox 730 905 801 970; x_wconf 86' lang='lat' dir='ltr'>thus</span> <span class='ocrx_word' id='word_1_43' title='bbox 816 905 904 970; x_wconf 92' lang='lat' dir='ltr'>ocius</span> <span class='ocrx_word' id='word_1_44' title='bbox 916 927 1000 980; x_wconf 88' lang='lat' dir='ltr'>uva;</span> 
     </span>
    </p>
   </div>
   <div class='ocr_carea' id='block_1_3' title="bbox 243 1005 1172 3106">
    <p class='ocr_par' dir='ltr' id='par_1_6' title="bbox 250 1005 1150 1695">
     <span class='ocr_line' id='line_1_7' title="bbox 257 1005 1003 1092; baseline -0.008 -16"><span class='ocrx_word' id='word_1_45' title='bbox 257 1009 328 1076; x_wconf 89' lang='lat' dir='ltr'>Nec</span> <span class='ocrx_word' id='word_1_46' title='bbox 342 1009 446 1076; x_wconf 86' lang='lat' dir='ltr'>vicina</span> <span class='ocrx_word' id='word_1_47' title='bbox 459 1008 566 1073; x_wconf 88' lang='lat' dir='ltr'>subest</span> <span class='ocrx_word' id='word_1_48' title='bbox 579 1007 686 1070; x_wconf 87' lang='lat' dir='ltr'>vinum</span> <span class='ocrx_word' id='word_1_49' title='bbox 699 1006 852 1092; x_wconf 88' lang='lat' dir='ltr'>praebere</span> <span class='ocrx_word' id='word_1_50' title='bbox 867 1005 1003 1071; x_wconf 76' lang='lat' dir='ltr'><strong>taberna</strong></span> 
     </span>
     <span class='ocr_line' id='line_1_8' title="bbox 254 1105 1046 1195; baseline -0.005 -21"><span class='ocrx_word' id='word_1_51' title='bbox 254 1109 347 1186; x_wconf 82' lang='lat' dir='ltr'>Quae</span> <span class='ocrx_word' id='word_1_52' title='bbox 361 1109 459 1195; x_wconf 85' lang='lat' dir='ltr'>possit</span> <span class='ocrx_word' id='word_1_53' title='bbox 471 1107 548 1184; x_wconf 78' lang='lat' dir='ltr'>tibi3</span> <span class='ocrx_word' id='word_1_54' title='bbox 569 1128 629 1173; x_wconf 91' lang='lat' dir='ltr'>nec</span> <span class='ocrx_word' id='word_1_55' title='bbox 643 1107 794 1174; x_wconf 82' lang='lat' dir='ltr'>meretrix</span> <span class='ocrx_word' id='word_1_56' title='bbox 808 1105 944 1180; x_wconf 80' lang='lat' dir='ltr'>tibicina,</span> <span class='ocrx_word' id='word_1_57' title='bbox 957 1105 1046 1192; x_wconf 84' lang='lat' dir='ltr'>cujus</span> 
     </span>
     <span class='ocr_line' id='line_1_9' title="bbox 255 1206 1150 1296; baseline -0.007 -20"><span class='ocrx_word' id='word_1_58' title='bbox 255 1211 308 1276; x_wconf 83' lang='lat' dir='ltr'>Ad</span> <span class='ocrx_word' id='word_1_59' title='bbox 323 1210 487 1296; x_wconf 80' lang='lat' dir='ltr'>strepitum</span> <span class='ocrx_word' id='word_1_60' title='bbox 503 1209 593 1274; x_wconf 85' lang='lat' dir='ltr'>salias</span> <span class='ocrx_word' id='word_1_61' title='bbox 608 1219 710 1274; x_wconf 90' lang='lat' dir='ltr'>terrae</span> <span class='ocrx_word' id='word_1_62' title='bbox 724 1206 848 1292; x_wconf 83' lang='lat' dir='ltr'>gravis:</span> <span class='ocrx_word' id='word_1_63' title='bbox 869 1216 1023 1270; x_wconf 87' lang='lat' dir='ltr'>ettamen</span> <span class='ocrx_word' id='word_1_64' title='bbox 1036 1227 1150 1292; x_wconf 84' lang='lat' dir='ltr'>urgues</span> 
     </span>
     <span class='ocr_line' id='line_1_10' title="bbox 250 1307 1081 1395; baseline -0.006 -21"><span class='ocrx_word' id='word_1_65' title='bbox 250 1309 274 1374; x_wconf 91' lang='lat' dir='ltr'>J</span> <span class='ocrx_word' id='word_1_66' title='bbox 275 1308 449 1395; x_wconf 86' lang='lat' dir='ltr'>arnpridem</span> <span class='ocrx_word' id='word_1_67' title='bbox 462 1330 526 1374; x_wconf 95' lang='lat' dir='ltr'>non</span> <span class='ocrx_word' id='word_1_68' title='bbox 539 1319 624 1374; x_wconf 84' lang='lat' dir='ltr'>tacta</span> <span class='ocrx_word' id='word_1_69' title='bbox 638 1307 792 1394; x_wconf 76' lang='lat' dir='ltr'>ligonibus</span> <span class='ocrx_word' id='word_1_70' title='bbox 804 1329 890 1384; x_wconf 88' lang='lat' dir='ltr'>arva,</span> <span class='ocrx_word' id='word_1_71' title='bbox 903 1307 1081 1390; x_wconf 83' lang='lat' dir='ltr'>bovemque</span> 
     </span>
     <span class='ocr_line' id='line_1_11' title="bbox 255 1405 1051 1495; baseline -0.005 -21"><span class='ocrx_word' id='word_1_72' title='bbox 255 1406 453 1495; x_wconf 88' lang='lat' dir='ltr'>Disjunctum</span> <span class='ocrx_word' id='word_1_73' title='bbox 467 1429 568 1486; x_wconf 90' lang='lat' dir='ltr'>curas,</span> <span class='ocrx_word' id='word_1_74' title='bbox 582 1418 614 1472; x_wconf 89' lang='lat' dir='ltr'>et</span> <span class='ocrx_word' id='word_1_75' title='bbox 628 1407 741 1472; x_wconf 89' lang='lat' dir='ltr'>strictis</span> <span class='ocrx_word' id='word_1_76' title='bbox 756 1405 919 1472; x_wconf 79' lang='lat' dir='ltr'>frondibus</span> <span class='ocrx_word' id='word_1_77' title='bbox 932 1405 1051 1491; x_wconf 86' lang='lat' dir='ltr'>exples.</span> 
     </span>
     <span class='ocr_line' id='line_1_12' title="bbox 253 1506 954 1594; baseline -0.003 -22"><span class='ocrx_word' id='word_1_78' title='bbox 253 1507 351 1572; x_wconf 87' lang='lat' dir='ltr'>Addit</span> <span class='ocrx_word' id='word_1_79' title='bbox 365 1529 443 1592; x_wconf 89' lang='lat' dir='ltr'>opus</span> <span class='ocrx_word' id='word_1_80' title='bbox 457 1509 548 1594; x_wconf 86' lang='lat' dir='ltr'>pigro</span> <span class='ocrx_word' id='word_1_81' title='bbox 562 1508 655 1584; x_wconf 87' lang='lat' dir='ltr'>rivus,</span> <span class='ocrx_word' id='word_1_82' title='bbox 670 1507 695 1572; x_wconf 90' lang='lat' dir='ltr'>si</span> <span class='ocrx_word' id='word_1_83' title='bbox 711 1506 829 1573; x_wconf 86' lang='lat' dir='ltr'>decidit</span> <span class='ocrx_word' id='word_1_84' title='bbox 843 1506 954 1583; x_wconf 87' lang='lat' dir='ltr'>imber,</span> 
     </span>
     <span class='ocr_line' id='line_1_13' title="bbox 254 1605 1010 1695; baseline -0.001 -22"><span class='ocrx_word' id='word_1_85' title='bbox 254 1605 357 1673; x_wconf 88' lang='lat' dir='ltr'>Multa</span> <span class='ocrx_word' id='word_1_86' title='bbox 371 1607 453 1672; x_wconf 88' lang='lat' dir='ltr'>mole</span> <span class='ocrx_word' id='word_1_87' title='bbox 467 1609 629 1676; x_wconf 85' lang='lat' dir='ltr'>doeendus</span> <span class='ocrx_word' id='word_1_88' title='bbox 642 1607 750 1692; x_wconf 87' lang='lat' dir='ltr'>aprico</span> <span class='ocrx_word' id='word_1_89' title='bbox 764 1628 895 1695; x_wconf 82' lang='lat' dir='ltr'>parcere</span> <span class='ocrx_word' id='word_1_90' title='bbox 909 1606 1010 1692; x_wconf 87' lang='lat' dir='ltr'>prato.</span> 
     </span>
    </p>

    <p class='ocr_par' dir='ltr' id='par_1_7' title="bbox 243 1704 1172 3106">
     <span class='ocr_line' id='line_1_14' title="bbox 294 1704 1161 1796; baseline 0.001 -22"><span class='ocrx_word' id='word_1_91' title='bbox 294 1707 397 1784; x_wconf 90' lang='lat' dir='ltr'>Nunc,</span> <span class='ocrx_word' id='word_1_92' title='bbox 411 1729 480 1794; x_wconf 82' lang='lat' dir='ltr'>nge,</span> <span class='ocrx_word' id='word_1_93' title='bbox 494 1708 568 1796; x_wconf 94' lang='lat' dir='ltr'>quid</span> <span class='ocrx_word' id='word_1_94' title='bbox 582 1718 722 1773; x_wconf 89' lang='lat' dir='ltr'>nostrum</span> <span class='ocrx_word' id='word_1_95' title='bbox 737 1719 924 1772; x_wconf 85' lang='lat' dir='ltr'>concentum</span> <span class='ocrx_word' id='word_1_96' title='bbox 939 1707 1065 1786; x_wconf 90' lang='lat' dir='ltr'>dividat,</span> <span class='ocrx_word' id='word_1_97' title='bbox 1078 1704 1161 1776; x_wconf 81' lang='lat' dir='ltr'>audi.</span> 
     </span>
     <span class='ocr_line' id='line_1_15' title="bbox 252 1807 1028 1894; baseline 0.001 -22"><span class='ocrx_word' id='word_1_98' title='bbox 252 1807 359 1885; x_wconf 84' lang='lat' dir='ltr'>Quem</span> <span class='ocrx_word' id='word_1_99' title='bbox 373 1819 483 1873; x_wconf 79' lang='lat' dir='ltr'>tenues</span> <span class='ocrx_word' id='word_1_100' title='bbox 497 1809 633 1878; x_wconf 84' lang='lat' dir='ltr'>decuere</span> <span class='ocrx_word' id='word_1_101' title='bbox 647 1819 739 1894; x_wconf 82' lang='lat' dir='ltr'>togae</span> <span class='ocrx_word' id='word_1_102' title='bbox 753 1807 901 1893; x_wconf 91' lang='lat' dir='ltr'>nitidique</span> <span class='ocrx_word' id='word_1_103' title='bbox 916 1807 1028 1893; x_wconf 87' lang='lat' dir='ltr'>capilli,</span> 
     </span>
     <span class='ocr_line' id='line_1_16' title="bbox 251 1906 1064 1995; baseline -0.001 -21"><span class='ocrx_word' id='word_1_104' title='bbox 251 1906 356 1985; x_wconf 86' lang='lat' dir='ltr'>Quem</span> <span class='ocrx_word' id='word_1_105' title='bbox 371 1911 431 1974; x_wconf 86' lang='lat' dir='ltr'>scis</span> <span class='ocrx_word' id='word_1_106' title='bbox 445 1911 616 1975; x_wconf 90' lang='lat' dir='ltr'>immunem</span> <span class='ocrx_word' id='word_1_107' title='bbox 631 1909 767 1978; x_wconf 85' lang='lat' dir='ltr'>Cinarae</span> <span class='ocrx_word' id='word_1_108' title='bbox 781 1908 934 1994; x_wconf 85' lang='lat' dir='ltr'>placuisse</span> <span class='ocrx_word' id='word_1_109' title='bbox 947 1909 1064 1995; x_wconf 86' lang='lat' dir='ltr'>rapaci,</span> 
     </span>
     <span class='ocr_line' id='line_1_17' title="bbox 251 2008 1033 2096; baseline 0.001 -23"><span class='ocrx_word' id='word_1_110' title='bbox 251 2009 356 2086; x_wconf 80' lang='lat' dir='ltr'>Quem</span> <span class='ocrx_word' id='word_1_111' title='bbox 369 2008 509 2076; x_wconf 90' lang='lat' dir='ltr'>bibulum</span> <span class='ocrx_word' id='word_1_112' title='bbox 522 2009 628 2096; x_wconf 88' lang='lat' dir='ltr'>liquidi</span> <span class='ocrx_word' id='word_1_113' title='bbox 643 2008 749 2074; x_wconf 91' lang='lat' dir='ltr'>media</span> <span class='ocrx_word' id='word_1_114' title='bbox 760 2010 801 2075; x_wconf 91' lang='lat' dir='ltr'>de</span> <span class='ocrx_word' id='word_1_115' title='bbox 815 2008 885 2073; x_wconf 93' lang='lat' dir='ltr'>luce</span> <span class='ocrx_word' id='word_1_116' title='bbox 899 2009 1033 2086; x_wconf 88' lang='lat' dir='ltr'>Falerni,</span> 
     </span>
     <span class='ocr_line' id='line_1_18' title="bbox 250 2107 1172 2197; baseline 0.003 -23"><span class='ocrx_word' id='word_1_117' title='bbox 250 2107 361 2174; x_wconf 86' lang='lat' dir='ltr'>Coena</span> <span class='ocrx_word' id='word_1_118' title='bbox 371 2109 477 2174; x_wconf 87' lang='lat' dir='ltr'>brevis</span> <span class='ocrx_word' id='word_1_119' title='bbox 486 2110 584 2197; x_wconf 89' lang='lat' dir='ltr'>juvat,</span> <span class='ocrx_word' id='word_1_120' title='bbox 598 2121 630 2174; x_wconf 90' lang='lat' dir='ltr'>et</span> <span class='ocrx_word' id='word_1_121' title='bbox 643 2131 742 2195; x_wconf 91' lang='lat' dir='ltr'>prope</span> <span class='ocrx_word' id='word_1_122' title='bbox 757 2109 857 2174; x_wconf 85' lang='lat' dir='ltr'>rivum</span> <span class='ocrx_word' id='word_1_123' title='bbox 871 2131 999 2174; x_wconf 86' lang='lat' dir='ltr'>somnus</span> <span class='ocrx_word' id='word_1_124' title='bbox 1012 2109 1044 2174; x_wconf 92' lang='lat' dir='ltr'>in</span> <span class='ocrx_word' id='word_1_125' title='bbox 1056 2111 1172 2187; x_wconf 80' lang='lat' dir='ltr'>herba3</span> 
     </span>
     <span class='ocr_line' id='line_1_19' title="bbox 247 2209 991 2295; baseline 0 -19"><span class='ocrx_word' id='word_1_126' title='bbox 247 2209 319 2276; x_wconf 85' lang='lat' dir='ltr'>Nec</span> <span class='ocrx_word' id='word_1_127' title='bbox 332 2209 439 2274; x_wconf 90' lang='lat' dir='ltr'>lusisse</span> <span class='ocrx_word' id='word_1_128' title='bbox 454 2211 560 2295; x_wconf 90' lang='lat' dir='ltr'>pudet,</span> <span class='ocrx_word' id='word_1_129' title='bbox 574 2211 630 2276; x_wconf 92' lang='lat' dir='ltr'>sed</span> <span class='ocrx_word' id='word_1_130' title='bbox 644 2231 708 2274; x_wconf 92' lang='lat' dir='ltr'>non</span> <span class='ocrx_word' id='word_1_131' title='bbox 722 2210 860 2276; x_wconf 89' lang='lat' dir='ltr'>incidere</span> <span class='ocrx_word' id='word_1_132' title='bbox 874 2210 991 2280; x_wconf 89' lang='lat' dir='ltr'>ludum.</span> 
     </span>
     <span class='ocr_line' id='line_1_20' title="bbox 248 2308 1095 2399; baseline 0.006 -24"><span class='ocrx_word' id='word_1_133' title='bbox 248 2309 323 2375; x_wconf 92' lang='lat' dir='ltr'>Non</span> <span class='ocrx_word' id='word_1_134' title='bbox 336 2310 405 2374; x_wconf 88' lang='lat' dir='ltr'>istic</span> <span class='ocrx_word' id='word_1_135' title='bbox 419 2310 545 2394; x_wconf 91' lang='lat' dir='ltr'>obliquo</span> <span class='ocrx_word' id='word_1_136' title='bbox 558 2308 650 2374; x_wconf 92' lang='lat' dir='ltr'>oculo</span> <span class='ocrx_word' id='word_1_137' title='bbox 665 2331 737 2374; x_wconf 90' lang='lat' dir='ltr'>mea</span> <span class='ocrx_word' id='word_1_138' title='bbox 751 2313 919 2377; x_wconf 91' lang='lat' dir='ltr'>commoda</span> <span class='ocrx_word' id='word_1_139' title='bbox 931 2314 1095 2399; x_wconf 88' lang='lat' dir='ltr'>quisquam</span> 
     </span>
     <span class='ocr_line' id='line_1_21' title="bbox 249 2409 1044 2497; baseline 0.006 -21"><span class='ocrx_word' id='word_1_140' title='bbox 249 2409 372 2485; x_wconf 79' lang='lat' dir='ltr'>Limat3</span> <span class='ocrx_word' id='word_1_141' title='bbox 393 2432 457 2477; x_wconf 91' lang='lat' dir='ltr'>non</span> <span class='ocrx_word' id='word_1_142' title='bbox 470 2411 544 2476; x_wconf 92' lang='lat' dir='ltr'>odio</span> <span class='ocrx_word' id='word_1_143' title='bbox 558 2409 693 2475; x_wconf 90' lang='lat' dir='ltr'>obscuro</span> <span class='ocrx_word' id='word_1_144' title='bbox 709 2433 876 2497; x_wconf 89' lang='lat' dir='ltr'>morsuque</span> <span class='ocrx_word' id='word_1_145' title='bbox 890 2426 1044 2481; x_wconf 88' lang='lat' dir='ltr'>venenat:</span> 
     </span>
     <span class='ocr_line' id='line_1_22' title="bbox 248 2509 936 2598; baseline 0.003 -20"><span class='ocrx_word' id='word_1_146' title='bbox 248 2509 366 2578; x_wconf 88' lang='lat' dir='ltr'>Rident</span> <span class='ocrx_word' id='word_1_147' title='bbox 380 2511 474 2576; x_wconf 86' lang='lat' dir='ltr'>vieini</span> <span class='ocrx_word' id='word_1_148' title='bbox 488 2510 595 2598; x_wconf 83' lang='lat' dir='ltr'>glebas</span> <span class='ocrx_word' id='word_1_149' title='bbox 610 2523 642 2576; x_wconf 93' lang='lat' dir='ltr'>et</span> <span class='ocrx_word' id='word_1_150' title='bbox 657 2535 733 2579; x_wconf 88' lang='lat' dir='ltr'>saxa</span> <span class='ocrx_word' id='word_1_151' title='bbox 746 2525 936 2583; x_wconf 89' lang='lat' dir='ltr'>moventem.</span> 
     </span>
     <span class='ocr_line' id='line_1_23' title="bbox 248 2612 1045 2681; baseline -0.001 0"><span class='ocrx_word' id='word_1_152' title='bbox 248 2614 332 2681; x_wconf 86' lang='lat' dir='ltr'>Cum</span> <span class='ocrx_word' id='word_1_153' title='bbox 347 2612 445 2678; x_wconf 89' lang='lat' dir='ltr'>servis</span> <span class='ocrx_word' id='word_1_154' title='bbox 459 2613 580 2680; x_wconf 82' lang='lat' dir='ltr'>urbmra</span> <span class='ocrx_word' id='word_1_155' title='bbox 593 2614 692 2680; x_wconf 87' lang='lat' dir='ltr'>diaria</span> <span class='ocrx_word' id='word_1_156' title='bbox 705 2616 818 2681; x_wconf 88' lang='lat' dir='ltr'>rodere</span> <span class='ocrx_word' id='word_1_157' title='bbox 833 2614 957 2680; x_wconf 68' lang='lat' dir='ltr'>mavis?</span> <span class='ocrx_word' id='word_1_158' title='bbox 1040 2660 1045 2667; x_wconf 90' lang='lat'><em>-</em></span> 
     </span>
     <span class='ocr_line' id='line_1_24' title="bbox 244 2715 1075 2784; baseline -0.002 0"><span class='ocrx_word' id='word_1_159' title='bbox 244 2718 369 2784; x_wconf 86' lang='lat' dir='ltr'>Horum</span> <span class='ocrx_word' id='word_1_160' title='bbox 384 2725 417 2780; x_wconf 89' lang='lat' dir='ltr'>tu</span> <span class='ocrx_word' id='word_1_161' title='bbox 430 2715 462 2780; x_wconf 90' lang='lat' dir='ltr'>in</span> <span class='ocrx_word' id='word_1_162' title='bbox 474 2737 637 2782; x_wconf 88' lang='lat' dir='ltr'>numerum</span> <span class='ocrx_word' id='word_1_163' title='bbox 652 2726 727 2780; x_wconf 91' lang='lat' dir='ltr'>voto</span> <span class='ocrx_word' id='word_1_164' title='bbox 741 2715 826 2781; x_wconf 77' lang='lat' dir='ltr'>ruisi</span> <span class='ocrx_word' id='word_1_165' title='bbox 848 2716 972 2781; x_wconf 82' lang='lat' dir='ltr'>invidet</span> <span class='ocrx_word' id='word_1_166' title='bbox 986 2739 1075 2782; x_wconf 89' lang='lat' dir='ltr'>usum</span> 
     </span>
     <span class='ocr_line' id='line_1_25' title="bbox 243 2815 1055 2903; baseline 0 -21"><span class='ocrx_word' id='word_1_167' title='bbox 243 2817 416 2903; x_wconf 82' lang='lat' dir='ltr'>Lignorum</span> <span class='ocrx_word' id='word_1_168' title='bbox 431 2827 463 2880; x_wconf 89' lang='lat' dir='ltr'>et</span> <span class='ocrx_word' id='word_1_169' title='bbox 477 2816 600 2901; x_wconf 89' lang='lat' dir='ltr'>pecoris</span> <span class='ocrx_word' id='word_1_170' title='bbox 614 2815 669 2880; x_wconf 91' lang='lat' dir='ltr'>tibi</span> <span class='ocrx_word' id='word_1_171' title='bbox 684 2815 754 2880; x_wconf 82' lang='lat' dir='ltr'>calo</span> <span class='ocrx_word' id='word_1_172' title='bbox 768 2827 903 2902; x_wconf 87' lang='lat' dir='ltr'>argutus,</span> <span class='ocrx_word' id='word_1_173' title='bbox 917 2827 950 2882; x_wconf 91' lang='lat' dir='ltr'>et</span> <span class='ocrx_word' id='word_1_174' title='bbox 964 2817 1055 2882; x_wconf 88' lang='lat' dir='ltr'>horti.</span> 
     </span>
     <span class='ocr_line' id='line_1_26' title="bbox 243 2915 1075 3006; baseline 0.004 -22"><span class='ocrx_word' id='word_1_175' title='bbox 243 2919 341 3006; x_wconf 85' lang='lat' dir='ltr'>Optat</span> <span class='ocrx_word' id='word_1_176' title='bbox 354 2917 500 3002; x_wconf 89' lang='lat' dir='ltr'>ephippia</span> <span class='ocrx_word' id='word_1_177' title='bbox 513 2915 571 2982; x_wconf 90' lang='lat' dir='ltr'>bos</span> <span class='ocrx_word' id='word_1_178' title='bbox 584 2917 674 3003; x_wconf 87' lang='lat' dir='ltr'>piger</span> <span class='ocrx_word' id='word_1_179' title='bbox 690 2943 698 2994; x_wconf 89' lang='lat'>;</span> <span class='ocrx_word' id='word_1_180' title='bbox 720 2927 808 3002; x_wconf 88' lang='lat' dir='ltr'>optat</span> <span class='ocrx_word' id='word_1_181' title='bbox 823 2939 913 2984; x_wconf 81' lang='lat' dir='ltr'>arare</span> <span class='ocrx_word' id='word_1_182' title='bbox 928 2917 1075 2988; x_wconf 83' lang='lat' dir='ltr'>caballus.</span> 
     </span>
     <span class='ocr_line' id='line_1_27' title="bbox 243 3017 1146 3106; baseline -0.001 -20"><span class='ocrx_word' id='word_1_183' title='bbox 243 3019 349 3096; x_wconf 81' lang='lat' dir='ltr'>Quam</span> <span class='ocrx_word' id='word_1_184' title='bbox 363 3019 421 3085; x_wconf 88' lang='lat' dir='ltr'>scit</span> <span class='ocrx_word' id='word_1_185' title='bbox 436 3027 575 3106; x_wconf 89' lang='lat' dir='ltr'>uterque,</span> <span class='ocrx_word' id='word_1_186' title='bbox 589 3017 698 3100; x_wconf 86' lang='lat' dir='ltr'>libens,</span> <span class='ocrx_word' id='word_1_187' title='bbox 712 3018 858 3101; x_wconf 89' lang='lat' dir='ltr'>censebo,</span> <span class='ocrx_word' id='word_1_188' title='bbox 874 3031 1021 3088; x_wconf 80' lang='lat' dir='ltr'>exerceat</span> <span class='ocrx_word' id='word_1_189' title='bbox 1035 3029 1146 3088; x_wconf 84' lang='lat' dir='ltr'>artem.</span> 
     </span>
    </p>
   </div>
   <div class='ocr_carea' id='block_1_4' title="bbox 124 3265 545 3278">
    <p class='ocr_par' dir='ltr' id='par_1_8' title="bbox 124 3265 545 3278">
     <span class='ocr_line' id='line_1_28' title="bbox 124 3265 545 3278; baseline -0.005 -2"><span class='ocrx_word' id='word_1_190' title='bbox 124 3265 545 3278; x_wconf 50' lang='lat' dir='ltr'>mmm-</span> 
     </span>
    </p>
   </div>
   <div class='ocr_carea' id='block_1_5' title="bbox 584 3438 934 3492">
    <p class='ocr_par' dir='ltr' id='par_1_9' title="bbox 584 3438 934 3492">
     <span class='ocr_line' id='line_1_29' title="bbox 584 3438 934 3492; baseline 0.003 -2"><span class='ocrx_word' id='word_1_191' title='bbox 584 3438 734 3492; x_wconf 78' lang='lat' dir='ltr'>vnmous</span> <span class='ocrx_word' id='word_1_192' title='bbox 749 3439 934 3491; x_wconf 71' lang='lat' dir='ltr'>autumna.</span> 
     </span>
    </p>
   </div>
   <div class='ocr_carea' id='block_1_6' title="bbox 26 3553 1406 4159">
    <p class='ocr_par' dir='ltr' id='par_1_10' title="bbox 26 3553 1406 3750">
     <span class='ocr_line' id='line_1_30' title="bbox 142 3553 1404 3634; baseline 0.001 -22"><span class='ocrx_word' id='word_1_193' title='bbox 142 3565 177 3612; x_wconf 80' lang='lat' dir='ltr'>rs.</span> <span class='ocrx_word' id='word_1_194' title='bbox 200 3562 324 3610; x_wconf 81' lang='lat' dir='ltr'>Lambinus</span> <span class='ocrx_word' id='word_1_195' title='bbox 346 3561 391 3607; x_wconf 83' lang='lat' dir='ltr'>and</span> <span class='ocrx_word' id='word_1_196' title='bbox 415 3561 546 3608; x_wconf 84' lang='lat' dir='ltr'>Torrentius</span> <span class='ocrx_word' id='word_1_197' title='bbox 571 3564 645 3625; x_wconf 80' lang='lat' dir='ltr'>preter</span> <span class='ocrx_word' id='word_1_198' title='bbox 672 3568 739 3618; x_wconf 79' lang='lat' dir='ltr'>terea,</span> <span class='ocrx_word' id='word_1_199' title='bbox 797 3563 836 3610; x_wconf 67' lang='lat'>4³·</span> <span class='ocrx_word' id='word_1_200' title='bbox 851 3563 961 3612; x_wconf 83' lang='lat' dir='ltr'>Tbislinc</span> <span class='ocrx_word' id='word_1_201' title='bbox 976 3553 1116 3634; x_wconf 78' lang='lat' dir='ltr'>isrnriously</span> <span class='ocrx_word' id='word_1_202' title='bbox 1124 3562 1404 3633; x_wconf 60' lang='lat' dir='ltr'>perdestruendum-</span> 
     </span>
     <span class='ocr_line' id='line_1_31' title="bbox 26 3620 1406 3683; baseline -0.008 -5"><span class='ocrx_word' id='word_1_203' title='bbox 26 3675 27 3678; x_wconf 65' lang='lat'>,</span> <span class='ocrx_word' id='word_1_204' title='bbox 110 3625 186 3676; x_wconf 76' lang='lat' dir='ltr'>which</span> <span class='ocrx_word' id='word_1_205' title='bbox 204 3637 258 3682; x_wconf 83' lang='lat' dir='ltr'>very</span> <span class='ocrx_word' id='word_1_206' title='bbox 274 3620 384 3682; x_wconf 78' lang='lat' dir='ltr'>probably</span> <span class='ocrx_word' id='word_1_207' title='bbox 404 3621 421 3666; x_wconf 81' lang='lat' dir='ltr'>is</span> <span class='ocrx_word' id='word_1_208' title='bbox 437 3621 474 3665; x_wconf 79' lang='lat' dir='ltr'>the</span> <span class='ocrx_word' id='word_1_209' title='bbox 493 3629 542 3666; x_wconf 82' lang='lat' dir='ltr'>true</span> <span class='ocrx_word' id='word_1_210' title='bbox 560 3623 609 3669; x_wconf 85' lang='lat' dir='ltr'>orth</span> <span class='ocrx_word' id='word_1_211' title='bbox 640 3637 663 3668; x_wconf 80' lang='lat' dir='ltr'>ra</span> <span class='ocrx_word' id='word_1_212' title='bbox 694 3639 709 3682; x_wconf 93' lang='lat' dir='ltr'>y</span> <span class='ocrx_word' id='word_1_213' title='bbox 725 3623 744 3671; x_wconf 83' lang='lat' dir='ltr'>it</span> <span class='ocrx_word' id='word_1_214' title='bbox 770 3621 828 3669; x_wconf 74' lang='lat' dir='ltr'>tione</span> <span class='ocrx_word' id='word_1_215' title='bbox 844 3623 927 3683; x_wconf 79' lang='lat' dir='ltr'>having</span> <span class='ocrx_word' id='word_1_216' title='bbox 942 3624 1054 3669; x_wconf 72' lang='lat' dir='ltr'>them</span> <span class='ocrx_word' id='word_1_217' title='bbox 1106 3629 1130 3668; x_wconf 90' lang='lat' dir='ltr'>nt</span> <span class='ocrx_word' id='word_1_218' title='bbox 1166 3622 1239 3668; x_wconf 72' lang='lat' dir='ltr'>¹aridi</span> <span class='ocrx_word' id='word_1_219' title='bbox 1255 3626 1406 3681; x_wconf 62' lang='lat' dir='ltr'>modun</span> 
     </span>
     <span class='ocr_line' id='line_1_32' title="bbox 113 3637 1403 3750; baseline 0.002 -19"><span class='ocrx_word' id='word_1_220' title='bbox 113 3684 233 3745; x_wconf 71' lang='lat' dir='ltr'>Scaliger’s</span> <span class='ocrx_word' id='word_1_221' title='bbox 241 3679 367 3745; x_wconf 83' lang='lat' dir='ltr'>etymology</span> <span class='ocrx_word' id='word_1_222' title='bbox 378 3679 404 3726; x_wconf 84' lang='lat' dir='ltr'>oi</span> <span class='ocrx_word' id='word_1_223' title='bbox 416 3683 452 3726; x_wconf 85' lang='lat' dir='ltr'>tbe</span> <span class='ocrx_word' id='word_1_224' title='bbox 462 3687 517 3726; x_wconf 77' lang='lat' dir='ltr'>tenu</span> <span class='ocrx_word' id='word_1_225' title='bbox 527 3637 655 3730; x_wconf 59' lang='lat' dir='ltr'>emeraobr</span> <span class='ocrx_word' id='word_1_226' title='bbox 675 3688 739 3729; x_wconf 76' lang='lat' dir='ltr'>acte·</span> <span class='ocrx_word' id='word_1_227' title='bbox 768 3681 980 3742; x_wconf 73' lang='lat' dir='ltr'>placinvacomma</span> <span class='ocrx_word' id='word_1_228' title='bbox 991 3681 1056 3750; x_wconf 41' lang='lat' dir='ltr'>&#39;nster</span> <span class='ocrx_word' id='word_1_229' title='bbox 1069 3637 1116 3729; x_wconf 69' lang='lat' dir='ltr'>lbi.</span> <span class='ocrx_word' id='word_1_230' title='bbox 1196 3680 1273 3740; x_wconf 77' lang='lat' dir='ltr'>tleyis</span> <span class='ocrx_word' id='word_1_231' title='bbox 1290 3683 1403 3733; x_wconf 70' lang='lat' dir='ltr'>unm</span> 
     </span>
    </p>

    <p class='ocr_par' dir='ltr' id='par_1_11' title="bbox 113 3717 1406 4041">
     <span class='ocr_line' id='line_1_33' title="bbox 113 3717 1404 3802; baseline -0.004 -11"><span class='ocrx_word' id='word_1_232' title='bbox 113 3746 296 3795; x_wconf 62' lang='lat' dir='ltr'>:salbscorrect</span> <span class='ocrx_word' id='word_1_233' title='bbox 768 3740 796 3786; x_wconf 81' lang='lat' dir='ltr'>oi</span> <span class='ocrx_word' id='word_1_234' title='bbox 805 3717 927 3796; x_wconf 71' lang='lat' dir='ltr'>meltum,</span> <span class='ocrx_word' id='word_1_235' title='bbox 937 3736 1081 3801; x_wconf 73' lang='lat' dir='ltr'>considering</span> <span class='ocrx_word' id='word_1_236' title='bbox 1095 3741 1165 3799; x_wconf 72' lang='lat' dir='ltr'>piger</span> <span class='ocrx_word' id='word_1_237' title='bbox 1182 3739 1251 3786; x_wconf 73' lang='lat' dir='ltr'>wben</span> <span class='ocrx_word' id='word_1_238' title='bbox 1268 3743 1370 3802; x_wconf 76' lang='lat' dir='ltr'>cpplisd</span> <span class='ocrx_word' id='word_1_239' title='bbox 1383 3751 1404 3788; x_wconf 80' lang='lat' dir='ltr'>ts</span> 
     </span>
     <span class='ocr_line' id='line_1_34' title="bbox 141 3797 1404 3862; baseline -0.001 -15"><span class='ocrx_word' id='word_1_240' title='bbox 141 3805 177 3848; x_wconf 73' lang='lat'>28.</span> <span class='ocrx_word' id='word_1_241' title='bbox 193 3800 315 3846; x_wconf 76' lang='lat' dir='ltr'>Lambinus</span> <span class='ocrx_word' id='word_1_242' title='bbox 325 3799 388 3858; x_wconf 76' lang='lat' dir='ltr'>gives</span> <span class='ocrx_word' id='word_1_243' title='bbox 397 3797 603 3858; x_wconf 76' lang='lat' dir='ltr'>chunctrnnirom</span> <span class='ocrx_word' id='word_1_244' title='bbox 613 3797 661 3845; x_wconf 81' lang='lat' dir='ltr'>lom</span> <span class='ocrx_word' id='word_1_245' title='bbox 669 3798 737 3847; x_wconf 86' lang='lat' dir='ltr'><strong>MSS.</strong></span> <span class='ocrx_word' id='word_1_246' title='bbox 767 3797 815 3854; x_wconf 77' lang='lat' dir='ltr'>des,</span> <span class='ocrx_word' id='word_1_247' title='bbox 824 3806 861 3845; x_wconf 91' lang='lat' dir='ltr'>too</span> <span class='ocrx_word' id='word_1_248' title='bbox 869 3800 962 3858; x_wconf 72' lang='lat' dir='ltr'>general</span> <span class='ocrx_word' id='word_1_249' title='bbox 972 3797 1017 3845; x_wconf 80' lang='lat' dir='ltr'>and</span> <span class='ocrx_word' id='word_1_250' title='bbox 1028 3801 1090 3846; x_wconf 71' lang='lat' dir='ltr'>usual</span> <span class='ocrx_word' id='word_1_251' title='bbox 1099 3812 1151 3845; x_wconf 78' lang='lat' dir='ltr'>ene</span> <span class='ocrx_word' id='word_1_252' title='bbox 1168 3799 1223 3845; x_wconf 88' lang='lat' dir='ltr'>&#39;tbet</span> <span class='ocrx_word' id='word_1_253' title='bbox 1230 3805 1257 3846; x_wconf 91' lang='lat' dir='ltr'>to</span> <span class='ocrx_word' id='word_1_254' title='bbox 1267 3800 1404 3862; x_wconf 64' lang='lat' dir='ltr'>bnmnuy</span> 
     </span>
     <span class='ocr_line' id='line_1_35' title="bbox 138 3857 1403 3917; baseline -0.002 -11"><span class='ocrx_word' id='word_1_255' title='bbox 138 3863 177 3909; x_wconf 73' lang='lat' dir='ltr'>att.</span> <span class='ocrx_word' id='word_1_256' title='bbox 193 3858 295 3906; x_wconf 80' lang='lat' dir='ltr'>Someot</span> <span class='ocrx_word' id='word_1_257' title='bbox 304 3858 341 3903; x_wconf 78' lang='lat' dir='ltr'>the</span> <span class='ocrx_word' id='word_1_258' title='bbox 350 3857 388 3904; x_wconf 94' lang='lat' dir='ltr'>old</span> <span class='ocrx_word' id='word_1_259' title='bbox 400 3857 497 3904; x_wconf 78' lang='lat' dir='ltr'>editions</span> <span class='ocrx_word' id='word_1_260' title='bbox 505 3857 563 3903; x_wconf 80' lang='lat' dir='ltr'>bave</span> <span class='ocrx_word' id='word_1_261' title='bbox 570 3857 684 3917; x_wconf 68' lang='lat' dir='ltr'>cynares.</span> <span class='ocrx_word' id='word_1_262' title='bbox 768 3871 819 3904; x_wconf 83' lang='lat' dir='ltr'>new</span> <span class='ocrx_word' id='word_1_263' title='bbox 834 3857 896 3904; x_wconf 75' lang='lat' dir='ltr'>sorte</span> <span class='ocrx_word' id='word_1_264' title='bbox 914 3867 938 3905; x_wconf 93' lang='lat' dir='ltr'>to</span> <span class='ocrx_word' id='word_1_265' title='bbox 954 3859 992 3903; x_wconf 78' lang='lat' dir='ltr'>tbe</span> <span class='ocrx_word' id='word_1_266' title='bbox 1007 3866 1123 3905; x_wconf 68' lang='lat' dir='ltr'>mntcnoe.</span> <span class='ocrx_word' id='word_1_267' title='bbox 1189 3866 1206 3912; x_wconf 87' lang='lat' dir='ltr'>t,</span> <span class='ocrx_word' id='word_1_268' title='bbox 1224 3859 1360 3906; x_wconf 61' lang='lat' dir='ltr'>”Gener</span> <span class='ocrx_word' id='word_1_269' title='bbox 1371 3875 1403 3904; x_wconf 77' lang='lat' dir='ltr'>rc·</span> 
     </span>
     <span class='ocr_line' id='line_1_36' title="bbox 140 3913 1406 3986; baseline -0.001 -20"><span class='ocrx_word' id='word_1_270' title='bbox 140 3921 177 3966; x_wconf 74' lang='lat' dir='ltr'>at</span> <span class='ocrx_word' id='word_1_271' title='bbox 193 3917 258 3965; x_wconf 84' lang='lat' dir='ltr'>Some</span> <span class='ocrx_word' id='word_1_272' title='bbox 269 3917 335 3966; x_wconf 88' lang='lat' dir='ltr'>MSS.</span> <span class='ocrx_word' id='word_1_273' title='bbox 346 3915 404 3964; x_wconf 80' lang='lat' dir='ltr'>bave</span> <span class='ocrx_word' id='word_1_274' title='bbox 413 3915 485 3962; x_wconf 76' lang='lat' dir='ltr'>modin</span> <span class='ocrx_word' id='word_1_275' title='bbox 495 3913 602 3961; x_wconf 68' lang='lat' dir='ltr'>maora.</span> <span class='ocrx_word' id='word_1_276' title='bbox 768 3916 1020 3977; x_wconf 62' lang='lat' dir='ltr'>martreptgerlsbcre</span> <span class='ocrx_word' id='word_1_277' title='bbox 1028 3917 1406 3986; x_wconf 70' lang='lat' dir='ltr'>equivalentthwnyigetlnbo·</span> 
     </span>
     <span class='ocr_line' id='line_1_37' title="bbox 140 3974 1376 4041; baseline 0 -17"><span class='ocrx_word' id='word_1_278' title='bbox 140 3981 177 4026; x_wconf 77' lang='lat' dir='ltr'>to.</span> <span class='ocrx_word' id='word_1_279' title='bbox 193 3975 287 4036; x_wconf 78' lang='lat' dir='ltr'>Bentley</span> <span class='ocrx_word' id='word_1_280' title='bbox 297 3974 362 4022; x_wconf 78' lang='lat' dir='ltr'>reads</span> <span class='ocrx_word' id='word_1_281' title='bbox 369 3974 442 4022; x_wconf 62' lang='lat' dir='ltr'>terrm</span> <span class='ocrx_word' id='word_1_282' title='bbox 451 3977 479 4020; x_wconf 78' lang='lat' dir='ltr'>tu</span> <span class='ocrx_word' id='word_1_283' title='bbox 486 3975 588 4030; x_wconf 75' lang='lat' dir='ltr'>urbane,</span> <span class='ocrx_word' id='word_1_284' title='bbox 598 3974 644 4021; x_wconf 78' lang='lat' dir='ltr'>aod</span> <span class='ocrx_word' id='word_1_285' title='bbox 651 3976 737 4035; x_wconf 72' lang='lat' dir='ltr'>serigo·</span> <span class='ocrx_word' id='word_1_286' title='bbox 766 3975 855 4033; x_wconf 66' lang='lat' dir='ltr'>rituti,</span> <span class='ocrx_word' id='word_1_287' title='bbox 865 3975 911 4023; x_wconf 81' lang='lat' dir='ltr'>aud</span> <span class='ocrx_word' id='word_1_288' title='bbox 920 3975 1032 4041; x_wconf 70' lang='lat' dir='ltr'>therefore</span> <span class='ocrx_word' id='word_1_289' title='bbox 1038 3977 1112 4026; x_wconf 72' lang='lat' dir='ltr'>estber</span> <span class='ocrx_word' id='word_1_290' title='bbox 1120 3977 1296 4039; x_wconf 73' lang='lat' dir='ltr'>punctuationis</span> <span class='ocrx_word' id='word_1_291' title='bbox 1306 3977 1376 4038; x_wconf 72' lang='lat' dir='ltr'>good</span> 
     </span>
    </p>

    <p class='ocr_par' dir='ltr' id='par_1_12' title="bbox 113 4031 738 4119">
     <span class='ocr_line' id='line_1_38' title="bbox 113 4031 738 4119; baseline -0.005 -34"><span class='ocrx_word' id='word_1_292' title='bbox 113 4049 160 4085; x_wconf 81' lang='lat' dir='ltr'>m</span> <span class='ocrx_word' id='word_1_293' title='bbox 169 4039 283 4119; x_wconf 65' lang='lat' dir='ltr'>maron‚„“</span> <span class='ocrx_word' id='word_1_294' title='bbox 293 4042 318 4084; x_wconf 88' lang='lat' dir='ltr'>ut</span> <span class='ocrx_word' id='word_1_295' title='bbox 325 4033 451 4083; x_wconf 77' lang='lat' dir='ltr'>distinctius</span> <span class='ocrx_word' id='word_1_296' title='bbox 461 4041 492 4084; x_wconf 77' lang='lat' dir='ltr'>,et</span> <span class='ocrx_word' id='word_1_297' title='bbox 507 4031 621 4082; x_wconf 82' lang='lat' dir='ltr'>efficacius</span> <span class='ocrx_word' id='word_1_298' title='bbox 631 4035 738 4096; x_wconf 83' lang='lat' dir='ltr'>procedat</span> 
     </span>
    </p>

    <p class='ocr_par' dir='ltr' id='par_1_13' title="bbox 113 4101 255 4159">
     <span class='ocr_line' id='line_1_39' title="bbox 113 4101 255 4159; baseline -0.035 -15"><span class='ocrx_word' id='word_1_299' title='bbox 113 4101 255 4159; x_wconf 75' lang='lat' dir='ltr'>comparatio.</span> 
     </span>
    </p>
   </div>
   <div class='ocr_carea' id='block_1_7' title="bbox 0 0 1492 4942">
    <p class='ocr_par' dir='ltr' id='par_1_14' title="bbox 0 0 1492 4942">
     <span class='ocr_line' id='line_1_40' title="bbox 0 0 1492 4942; baseline 0 5"><span class='ocrx_word' id='word_1_300' title='bbox 0 0 1492 4942; x_wconf 95' lang='lat' dir='ltr'> </span> 
     </span>
    </p>
   </div>
  </div>
 </body>
</html>
