2975 4942
540 263 697 310 nrtsromt
713 263 757 306 hl)
771 261 914 308 rrsorttts·

203 422 308 490 Multa
321 424 388 491 dies
401 432 434 488 et
447 421 546 488 multa
559 421 651 488 litura
664 424 814 500 coercuit,
827 433 920 507 atque

205 524 411 591 Praesectum
422 525 530 590 decies
544 545 607 589 non
621 523 785 610 castigavit
798 524 839 588 ad
851 544 998 610 urrguem

245 625 410 711 Ingenium
424 625 540 690 misera
554 623 627 708 quia
639 624 827 714 fortunatius
840 635 908 688 arte
1073 625 1076 629 ’

200 723 325 804 Credit,
338 735 371 790 et
385 725 523 790 excludit
537 745 630 790 sanos
644 723 801 789 Helicone
815 731 925 809 poetas

205 807 418 903 Dembcritus,
430 825 516 892 bona
528 847 601 910 pars
615 847 679 891 non
692 845 814 910 ungares
826 845 946 910 ponere
960 834 1058 900 curat,

204 923 280 990 Non
290 925 435 1004 barbam,
447 935 571 992 secreta
584 925 662 1011 petit
674 925 754 1001 loca,
767 925 881 990 balnea
893 926 981 991 vitat.

203 1024 414 1092 Naaciscetur
427 1027 512 1092 enim
526 1027 662 1112 pretium
675 1046 854 1111 nomenque
868 1031 992 1111 poetae,

203 1126 243 1191 si
256 1127 355 1193 tribus
368 1128 530 1214 Anticyris
544 1137 638 1213 capit
652 1127 822 1192 insanabile
835 1147 996 1212 nrmqumrt

203 1227 340 1293 Tonsori
355 1228 467 1294 Licino
481 1228 693 1294 commiserit..
727 1229 759 1293 Ο
773 1247 833 1313 ego
846 1227 963 1305 laevus,
1080 1254 1084 1260 ·

203 1325 269 1406 Qui
283 1350 401 1414 purgor
413 1329 510 1394 bilem
524 1328 582 1393 sub
595 1329 684 1392 verni
698 1328 851 1414 temporis
864 1327 994 1392 horam!
1051 1355 1055 1362 ·

204 1427 280 1495 Non
294 1428 371 1492 alius
385 1429 505 1494 laceret
518 1428 650 1493 meliora
662 1434 818 1513 poemata.
862 1427 985 1492 verum

206 1526 261 1594 Nil
275 1529 352 1593 tanti
363 1539 424 1595 cst.
466 1527 686 1614 Ergot'ungar
698 1529 769 1592 vice
783 1527 873 1604 cotis,
886 1537 1014 1591 acutum

205 1626 355 1694 Reddere
371 1649 451 1713 quae
465 1627 583 1693 ferrum
595 1626 689 1703 valet,
703 1647 813 1692 exsors
826 1628 893 1711 ipsa
907 1625 1055 1692 secandi:

207 1726 326 1795 Munus
340 1740 372 1794 et
385 1729 532 1806 officium,
546 1728 589 1792 nil
604 1727 743 1792 scribens
755 1728 834 1819 ipsc,
847 1725 970 1790 docebo
982 1752 991 1802 3

202 1827 300 1896 Unde
314 1838 464 1913 parentur
477 1849 573 1915 opes;
596 1828 670 1912 quid
685 1827 748 1891 alat
758 1826 938 1910 formetque
951 1832 1098 1911 poetam3

207 1928 294 2006 Quid
307 1930 429 2004 deceat,
443 1928 518 2012 quid
532 1949 617 2004 non;
636 1947 701 2012 quo
714 1926 822 2003 virtus,
835 1947 899 2010 quo
911 1925 994 1990 ferat
1006 1945 1105 1990 error.

208 2027 375 2093 Scribcndi
388 2039 475 2093 recte
490 2049 601 2114 sapere
615 2038 663 2092 est
677 2037 710 2092 et
724 2026 912 2112 principium
924 2036 959 2090 et
972 2025 1052 2091 fons.

206 2128 292 2198 Rem
305 2128 360 2194 tibi
375 2129 559 2195 Socraticae
573 2138 720 2216 poterunt
733 2127 902 2192 ostendere
915 2127 1063 2192 chartae:

206 2229 377 2314 Verbaque
391 2230 551 2315 provisam
564 2251 633 2296 rem
646 2251 710 2295 non
724 2229 823 2294 molta
833 2239 1015 2314 sequentur.

205 2329 272 2407 Qui
283 2329 400 2407 didicit,
414 2331 535 2416 patriae
548 2331 624 2416 quid
637 2331 763 2408 debeat,
777 2330 899 2418 etquid
914 2330 1034 2406 amicis,

204 2428 280 2506 Quo
294 2429 333 2494 sit
348 2449 457 2494 amore
470 2451 595 2514 pareus,
609 2451 672 2514 quo
685 2430 785 2496 frater
797 2433 950 2496 amandus
964 2441 997 2495 et
1008 2431 1136 2517 hospes,

203 2525 301 2607 Quod
315 2528 354 2594 sit
367 2528 544 2614 conscripti,
559 2532 644 2614 quod
654 2530 768 2614 judicis
781 2529 929 2608 officium,
942 2551 1024 2617 quae

209 2628 321 2696 Partes
335 2628 368 2722 in
381 2626 500 2694 bellum
513 2628 600 2695 missi
613 2628 703 2694 ducis
715 2653 723 2706 3
744 2628 796 2718 ille
808 2630 956 2720 profecto

211 2721 535 2816 Redderepe‘rsonae'
546 2718 604 2796 s'cit
617 2720 838 2796 convenientia
850 2721 982 2816 cuique,
1098 2716 1104 2724 ¹

211 2831 386 2916 Respicere
399 2831 563 2912 exemplar
575 2831 659 2890 vitae
672 2852 859 2912 morumque
869 2833 988 2914 jubebo

211 2931 352 2999 Doctum
366 2927 564 3006 imitatorem,
578 2939 612 2992 et
624 2948 716 2992 veras
730 2927 804 2994 hinc
818 2931 935 2996 ducere
947 2951 1057 2996 voces.>

213 3031 379 3108 Interdum
392 3030 535 3116 speciosa
547 3029 624 3095 locis
638 3039 823 3114 morataque
835 3041 924 3096 recte
1096 3030 1098 3035 ’

176 3182 180 3196 ,
214 3130 344 3210 Fabula,
357 3129 468 3196 nullius
481 3129 615 3207 veneris,
630 3129 695 3194 sine
709 3130 851 3216 pondere
865 3140 899 3194 et
912 3140 989 3208 arte,

213 3233 346 3303 valdius
359 3229 497 3296 oblectat
512 3229 663 3320 populum
676 3229 850 3317 meliusque
863 3243 1010 3310 moratur,

556 3585 708 3641 vamous
726 3585 913 3639 nummos
946 3653 951 3661 ,

115 3745 167 3796 294.
181 3745 228 3794 We
245 3746 303 3794 heve
337 3747 389 3794 iren
403 3746 558 3804 Praetorium,
575 3761 604 3794 on
621 3747 659 3794 the
675 3760 714 3793 au·
744 3744 812 3794 MSS.
830 3747 857 3794 ol
868 3747 959 3802 sunus.
974 3747 1096 3809 cruquim,
1105 3747 1224 3805 Pulmone,
1240 3747 1375 3806 Beretum

63 3807 206 3865 .tlrcrltyos
215 3805 301 3854 sereni
345 3806 393 3862 SS..
409 3805 605 3863 with'Lsmhinue,
624 3805 715 3862 Decier,
744 3805 791 3852 aad
806 3805 912 3868 Bentley,
945 3808 981 3853 've
994 3807 1066 3853 circa
1096 3807 1156 3863 Still,
1174 3805 1373 3868 notwithstanding

91 3865 183 3921 Baiter,
207 3865 311 3930 Bentley,
331 3865 470 3926 contegam,
493 3863 607 3922 Senadoa,
626 3863 715 3922 Valert,
745 3866 789 3913 thie
804 3866 889 3927 weigbt
906 3822 952 3914 f
982 3867 1071 3928 tliority,
1088 3881 1125 3914 we
1142 3867 1201 3914 have
1215 3864 1318 3912 retained
1334 3867 1375 3914 tlte

92 3923 293 3983 Diirlngfflunter,
303 3923 438 3972 audenhem.
459 3922 717 3984 Fealebourstopmve
745 3938 849 3972 common
874 3924 956 3974 lectica
978 3926 1033 3972 with
1053 3924 1166 3983 Muretus,
1188 3923 1262 3982 Bond,
1282 3925 1375 3983 Dacier,

92 3981 220 4042 Perfectum
236 3982 275 4029 the
292 3989 342 4030 true
363 3981 465 4044 reading,
483 3983 557 4028 which
574 3983 593 4029 ie
609 3981 678 4029 leuutl
694 3983 718 4032 iu
745 3982 840 4040 Buter,
854 3983 952 4041 Gesner,
960 3985 1055 4041 Combe,
1064 3983 1162 4040 Wetael,
1179 3984 1265 4042 Zenue,
1274 3983 1320 4032 aad
1329 3985 1377 4032 Db‘

91 4055 159 4102 many
167 4041 236 4090 MSS.
249 4039 382 4104 Persectanr
391 4041 439 4088 will
454 4055 484 4100 ap
499 4041 719 4100 lytocmmen,but
747 4045 805 4104 ring.
835 4041 1326 4091 Tbelastmecticuedcriticobcervesiuitr
1335 4042 1376 4090 de-

92 4102 237 4149 Promotum
245 4107 269 4148 to
416 4099 461 4148 vid.
493 4099 628 4170 aplanatory
636 4108 709 4149 notes.
749 4102 827 4148 teucer
852 4107 868 4132 ⁸⁸
879 4101 1009 4150 lectionem
1024 4101 1089 4148 mem
1106 4117 1148 4162 pro
1156 4115 1231 4159 mos,
1245 4103 1375 4152 amatote

121 4160 172 4209 302
187 4158 306 4214 ScmeMS
324 4193 330 4206 .
345 4157 392 4208 aud
406 4160 471 4221 early
480 4157 576 4208 editions
589 4159 647 4207 have
658 4172 720 4220 pur·
749 4163 868 4222 prolatam,
876 4159 958 4211 frustra
966 4162 1089 4223 prohamat
1097 4162 1187 4223 plorem
1199 4162 1376 4211 vieueuimeoa

92 4229 172 4348 gporell.
187 4279 240 4326 'l'lre
258 4277 363 4349 cellatica
380 4276 406 4324 ol
416 4277 498 4348 §axius
517 4277 558 4325 hae
578 4281 718 4340 sequuntur,
748 4277 866 4340 loquentis,
874 4281 992 4351 oppcpitur
1007 4282 1105 4340 ecnptis,
1112 4286 1137 4327 et
1152 4281 1246 4342 linquae
1255 4281 1375 4349 legrmtprs

94 4337 168 4384 which
176 4350 255 4386 ocem
263 4337 490 4385 altomOberlmus's
498 4337 566 4386 MSS.
748 4353 792 4388 uec
809 4337 925 4387 Bentlerue
937 4338 1042 4386 idoneum
1060 4339 1199 4402 ammplam,
1214 4354 1261 4401 qao
1277 4344 1378 4386 muniret

124 4396 174 4444 sm
189 4396 240 4443 The
248 4397 355 4444 collation
364 4397 391 4444 of
400 4397 492 4454 Sarius,
508 4396 555 4445 aad
565 4397 664 4448 tusciae
677 4411 720 4446 one
749 4403 866 4456 receptam
874 4399 1000 4453 lectionem,
1007 4398 1107 4460 prolerre
1115 4398 1209 4461 potuit.”

97 4455 121 4502 cf
130 4454 197 4503 Fee'r
205 4455 283 4512 MSS..
292 4457 350 4504 have
359 4453 423 4518 praed
431 4455 516 4513 debeat,
523 4455 619 4518 elpacd
777 4457 828 4504 319.
844 4459 866 4504 Λ
884 4457 928 4504 lew
937 4457 1004 4506 MSS.
1015 4455 1062 4506 end
1076 4457 1173 4506 editione
1180 4457 1267 4504 abibit
1266 4454 1332 4517 jocis
1340 4453 1376 4504 loe

125 4514 174 4560 81&
189 4513 217 4561 lu
249 4514 298 4562 lece
314 4514 342 4562 ol
350 4528 426 4574 verca
441 4515 480 4562 the
498 4531 601 4564 cnumcri
616 4514 719 4626 νωθὴς,
748 4517 837 4573 tociaci
855 4515 949 4578 reading
962 4517 1035 4565 vlriclr
1051 4516 1166 4577 evidently
1173 4513 1300 4575 crlqimted
1315 4515 1341 4562 iu
1357 4525 1373 4560 ι

100 4574 174 4634 neuly
182 4573 214 4621 all
248 4573 341 4634 ecarly
354 4573 457 4636 editione,
466 4575 569 4639 together
577 4575 654 4626 witha
680 4576 719 4624 the
748 4574 1092 4641 raemmittskeootbepartot
1102 4575 1255 4638 thecopyittt.

713 4636 756 4701 55

749 4223 824 4283 (λόγος
832 4221 948 4290 ἔμψυχος),
957 4235 1026 4282 quam
1038 4221 1131 4268 auribus
1146 4222 1283 4284 percipimus
1295 4235 1326 4267 ex
1334 4234 1376 4266 ore
