2975 4942
607 305 867 368 annonarum

6 473 8 624 Ι
119 475 334 592 amplitudo,
346 511 458 588 quarn
486 501 618 590 parant
631 489 763 564 mentis
780 515 853 564 non
887 513 1072 568 armorum
1087 489 1307 588 triumphis
1297 509 1404 587 mge-

6 643 7 660 ¹
118 639 242 722 utrque
252 619 358 698 firma
370 632 481 720 atque
494 621 684 696 incruenta
698 630 865 718 tropaea

168 834 280 940 Hunc
294 869 455 963 poetam,
472 863 657 940 laboribus
673 864 778 951 meis,
803 862 841 936 ni
857 862 982 937 omnia
998 887 1058 938 me
1080 863 1216 952 fallant,
1232 872 1271 935 et
1295 859 1399 932 aditu
1439 937 1445 953 ,

117 980 333 1091 faciliorem,
362 1004 401 1068 et
425 993 627 1070 utilioribus
658 992 876 1092 adjumentis
905 993 996 1068 satis
1019 991 1141 1090 ample
1170 992 1402 1072 instructum,

65 1097 68 1102 ¹
116 1119 261 1222 patriae
273 1122 451 1222 juventuti
468 1123 563 1200 votis
576 1117 808 1198 faustissimis
831 1123 1062 1197 commendo.
1112 1121 1283 1218 Longam
1299 1115 1400 1189 viam
1483 1116 1484 1211 Ι

117 1262 229 1350 atque
247 1273 505 1327 aerumnosam
532 1252 675 1330 confeci
684 1282 696 1345 5
730 1251 820 1357 fauit
837 1251 939 1326 Deus
961 1252 1015 1325 uti
1031 1274 1105 1323 non
1121 1245 1254 1323 frustra
1276 1234 1400 1320 confe-

50 1417 53 1424 ·
117 1379 243 1456 carim.
295 1379 335 1454 Si
348 1380 395 1454 de
419 1392 523 1456 recta
539 1381 691 1478 regione
718 1380 864 1476 uspiam
885 1360 1117 1465 deflexerim,
1143 1377 1186 1464 si,
1202 1376 1239 1448 in
1255 1386 1399 1446 errores·
1483 1308 1484 1407 l

117 1507 261 1609 aliquos
299 1509 479 1598 inductus,
512 1507 707 1584 levioribus
736 1508 897 1582 uitiiset
939 1509 1041 1605 queis
1078 1485 1239 1607 humana
1267 1521 1399 1598 parum

17 1697 23 1704 .
118 1638 219 1714 cavit
247 1637 379 1713 natura
404 1637 585 1754 meipsum
602 1636 839 1774 implicarim3
863 1660 930 1741 pro
948 1647 1139 1745 comperto
1165 1632 1288 1706 habeo
1305 1649 1398 1701 vere
1482 1580 1485 1819 Ι

117 1763 281 1842 eruditos
308 1767 453 1842 veniam
483 1760 608 1840 liberit'
583 1757 724 1840 trssime
754 1767 917 1861 daturos,
947 1777 996 1852 et,
1019 1764 1051 1838 si
1084 1763 1170 1860 quid
1199 1755 1484 1859 repererint

118 1897 304 1971 communi
336 1896 523 2015 literarum
551 1897 651 2006 bono
684 1887 942 2003 utilitatique
933 1895 1142 1980 inserviens,
1159 1889 1287 1987 aequis
1310 1885 1400 1960 illud
1480 1854 1485 2001 Ι

116 2002 364 2122 accepturos
372 2009 503 2099 animis
540 2036 578 2099 et
563 2009 726 2098 tfausto
767 2025 889 2098 omine
920 2036 1190 2121 prosecuturos
1241 2015 1401 2092 Multum

113 2150 295 2250 temporis
325 2123 484 2250 quidem,
501 2134 654 2227 multum
684 2151 794 2226 studii
811 2152 993 2242 acerrimi,
1024 2150 1174 2226 multum
1196 2137 1401 2223 laborisin
1483 2230 1484 2263 Ι

26 2361 28 2366 ,
115 2277 189 2359 hoc
206 2277 387 2355 curriculo
417 2291 674 2380 consumptum
699 2290 768 2355 est.
818 2281 894 2354 Sed
922 2305 993 2356 nec
1019 2278 1196 2377 temporis
1224 2272 1401 2358 anteacti,

113 2429 186 2481 nec
196 2405 559 2496 laborum'meorum,
576 2427 695 2506 neque
714 2421 772 2484 tot
787 2405 991 2508 vigiliarum
1007 2427 1166 2507 unquam
1184 2406 1401 2507 poenitebit,
1483 2430 1484 2511 Ι

114 2535 147 2610 si
159 2535 303 2634 patriae
319 2559 428 2612 meae
445 2559 540 2634 quae
557 2537 676 2611 debeo
695 2535 819 2612 officia
832 2548 870 2611 et
885 2534 951 2635 pio'
964 2537 1088 2612 animo
1099 2548 1137 2610 et
1148 2535 1302 2613 fideliter
1318 2560 1403 2635 per·
1483 2530 1484 2617 ζ

114 2661 308 2751 εοιιιιιιιιξ
323 2663 558 2772 [ριιιιιιιιιῑιιι
589 2664 793 2764 juvenibus,
818 2657 1048 2763 optirnarum
1067 2665 1253 2741 literarum
1280 2665 1404 2749 ¹disci·
1483 2766 1485 2777 γ

113 2791 263 2890 pliuam,
275 2793 485 2892 xveterisque
502 2793 705 2890 sapientiae
722 2793 848 2868 limina
864 2793 1162 2894 ingredientibus,
1178 2794 1315 2891 aliquid
1332 2796 1405 2870 uti·
1483 2810 1484 2873 ἶ

114 2919 228 2995 litatis
257 2921 450 2997 attulerim.
510 2921 609 2996 Nam
640 2924 671 2996 si
699 2925 881 2998 bonorum
910 2921 1044 2998 civium
1072 2924 1204 2999 officiis
1232 2923 1403 3024 perfungi

99 3047 347 3136 voluerimus,
357 3073 453 3146 quae
466 3037 527 3124 via
539 3045 602 3124 aut
613 3044 847 3150 praeclarior,
858 3041 929 3126 'au't
942 3032 1086 3141 certior,
1096 3065 1161 3127 aut
1172 3053 1273 3132 omni
1284 3053 1408 3132 modo

111 3171 307 3274 jucundior
329 3175 482 3273 patebit,
496 3201 606 3274 quam
641 3191 799 3276 eaquae
817 3179 974 3277 patriam
1003 3205 1239 3256 communem
1254 3182 1305 3261 ad
1319 3181 1404 3257 lite·
1444 3199 1447 3203 ·

116 3326 239 3378 rarum
265 3301 436 3394 honores,
466 3306 514 3380 ad
548 3307 726 3410 scientiae
758 3307 1014 3406 principatum,
1042 3311 1257 3385 admontis
1285 3311 1405 3411 longa

115 3431 270 3530 imperia
299 3433 486 3510 verissime
515 3437 726 3532 perducet?
763 3435 1050 3536 Esingnlorum
1063 3440 1195 3518 civium
1221 3439 1405 3517 felicitate
1483 3466 1484 3525 ι

115 3555 264 3638 constat
279 3561 427 3660 publica
459 3564 635 3640 felicitas:
661 3567 885 3666 singulorum
901 3567 1057 3646 felicitas
1074 3571 1111 3645 ιιι
1127 3559 1258 3646 uirtute
1287 3566 1405 3648 excoss

114 3689 226 3767 lenda
241 3693 439 3790 praecipue
472 3709 658 3771 versatur.
683 3696 731 3770 ad
749 3697 889 3794 perfect
891 3721 951 3772 am
984 3698 1153 3775 virtutem
1170 3725 1405 3837 consequen·
1483 3686 1484 3693 Ι

100 3819 202 3896 ιιιιιιιι
219 3845 363 3896 summa
388 3820 574 3899 literarum
602 3837 789 3923 potestas.
815 3827 948 3935 Nonne
965 3826 1210 3928 consequitur
1227 3855 1329 3932 ergo,
1347 3847 1405 3922 ut,
1483 3930 1484 3937 Ν

95 3947 184 4023 ιιιιι
210 3949 247 4022 ιιι
277 3973 351 4060 qua
366 3931 553 4026 literarum
587 3953 740 4028 cultura
760 3955 895 4054 vigeat,
924 3957 1054 4032 florere
1087 3960 1236 4037 omnino
1255 3963 1405 4042 civitas
1483 3996 1484 4005 ¹

111 4077 214 4152 nulla
238 4077 420 4156 valuerit.
457 4079 497 4154 ln
525 4083 719 4168 beatorum
748 4083 941 4174 insulis,ut
903 4091 1177 4183 utmemoriae
1200 4091 1405 4189 proditum,
1459 4085 1464 4094 ¹

114 4230 299 4314 nunquam
316 4231 389 4283 non
401 4209 496 4285 ndet
507 4210 662 4300 coelum,
676 4211 845 4290 frondent
858 4217 1019 4306 arbores,
1031 4221 1236 4316 pubescunt
1247 4222 1405 4312 herbae
1483 4306 1484 4315 q

114 4335 254 4431 spirant
278 4334 411 4413 favonii
444 4338 667 4422 mollissimi:
693 4341 731 4416 in
748 4341 938 4422 Musarum
963 4349 1078 4427 bortis
1094 4365 1179 4429 sunt
1202 4352 1328 4482 onmia
1351 4355 1405 4430 si·

115 4461 262 4548 milima.
1483 4456 1484 4467 Ι
