2975 4942
608 296 791 351 QBORATH
807 299 922 345 sancet

261 464 332 529 Nec
346 465 510 550 prohibere
524 464 628 541 modo,
641 465 732 529 simul
745 486 785 529 ac
798 486 879 551 vaga
892 462 985 528 Luna
996 462 1149 529 decorum

259 562 392 630 Protulit
404 587 450 642 os,
464 566 539 651 quin
550 586 622 630 ossa
635 563 739 651 legant
753 565 928 649 herbasque
943 574 1104 633 nocentes.

258 664 334 729 Vidi
348 678 473 750 egomet
487 666 575 753 nigra
586 666 780 731 succinctam
793 667 909 743 vadere
923 662 1006 749 palla

260 764 435 843 Canidiam,
448 766 579 851 pedibus
591 766 692 842 nudis,
703 786 858 850 passoque
872 765 993 850 capillo,
1056 822 1058 833 ,
1226 826 1229 837 ,

259 864 341 930 Cum
357 868 484 953 Sagana
497 867 614 953 majore
630 866 810 931 ululantem.
854 866 959 931 Pallor
972 876 1117 950 utrasque

258 965 391 1033 Fecerat
404 967 575 1033 horrendas
589 968 749 1052 adspectu.
795 964 944 1050 Scalpere
958 977 1076 1031 terrain

258 1065 432 1153 Unguibus,
444 1080 477 1134 et
490 1066 607 1154 pullam
620 1067 768 1132 divellere
782 1066 939 1133 mordicus
952 1088 1065 1151 agnam

258 1167 462 1257 Coeperunt3
483 1190 577 1234 cnror
590 1168 622 1233 in
636 1167 752 1233 fossam
767 1167 923 1245 confitens,
937 1178 971 1231 nt
985 1168 1058 1232 inde

257 1268 373 1337 Manes
386 1270 545 1346 elicerent,
558 1270 678 1334 animas
691 1289 842 1353 responsa
855 1272 990 1335 daturas.

256 1369 368 1437 Lanea
378 1381 413 1436 et
424 1370 544 1457 effigies
555 1380 632 1447 erat,
643 1369 743 1435 altera
756 1388 870 1447 cerea;
891 1370 993 1455 major

255 1467 376 1547 Lance,
389 1490 469 1555 quae
484 1470 592 1555 poenis
606 1480 824 1556 compesceret
836 1469 1025 1536 inferiorern.

255 1568 360 1635 Cerea
374 1569 553 1657 suppliciter
565 1570 676 1648 stabat,
689 1562 851 1637 senilibus
861 1582 896 1636 ut
909 1592 989 1657 quae
1020 1582 1022 1585 ’

254 1668 328 1737 Jarn
340 1672 477 1757 peritum
490 1672 601 1737 modis.
644 1671 794 1737 Hecaten
806 1682 899 1737 vocat
913 1671 1021 1751 altera,
1034 1692 1158 1738 saevam

254 1772 365 1839 Altera
375 1772 590 1859 Tisiphonen:
612 1783 774 1859 serpentes
788 1782 881 1858 atque
895 1774 1018 1839 videres

254 1872 397 1939 Infernas
409 1894 516 1938 errare
529 1894 634 1951 canes,
648 1872 814 1959 lunamque
829 1874 1005 1957 rubentem,

254 1973 306 2039 Ne
319 1974 401 2039 foret
414 1973 461 2038 his
473 1973 571 2050 testis,
584 1985 655 2059 post
669 1994 784 2061 magna
797 1974 894 2040 latere
908 1974 1059 2060 sepulcra.

256 2073 396 2141 Mentior
408 2086 441 2139 at
454 2074 481 2139 ei
495 2075 580 2159 qnid,
593 2074 709 2139 merdis
724 2087 818 2160 caput
828 2076 971 2162 inquiner
983 2076 1061 2142 albis

254 2174 442 2250 Corrorum,
456 2185 550 2258 atque
563 2173 595 2238 in
609 2195 661 2238 me
674 2175 781 2239 veniat
793 2174 924 2240 mictum
936 2186 1029 2261 atque
1043 2188 1186 2242 cacatum

253 2272 362 2353 Julius,
376 2285 409 2340 et
422 2274 537 2359 fragilis
551 2274 700 2352 Pediatia,
713 2274 824 2361 furque
839 2276 994 2353 Vorenus

254 2376 384 2463 Singula
397 2375 472 2460 qnid
487 2375 685 2439 memoreml
705 2396 769 2460 quo
782 2386 876 2463 pacto
890 2376 1010 2443 alterna
1023 2377 1186 2463 loquentes

252 2477 394 2545 Umbrae
406 2497 478 2543 cum
494 2476 620 2563 Sagana
632 2488 815 2543 resonarent
828 2478 914 2543 triste
928 2489 962 2544 et
974 2478 1125 2545 acutum?

253 2578 360 2665 thue
373 2579 437 2665 lupi
450 2577 582 2643 barbam
593 2578 698 2643 variae
712 2600 786 2644 cum
799 2581 894 2645 dente
908 2579 1055 2645 colubrae
1086 2645 1088 2651 s

251 2680 438 2749 Abdiderint
451 2678 558 2744 furtim
571 2679 671 2758 terris,
684 2690 717 2744 et
730 2680 865 2766 imagine
880 2700 974 2745 cerea

252 2781 386 2867 Largior
399 2779 508 2846 arserit
521 2771 610 2866 ignis,
623 2790 656 2870 et
670 2789 781 2845 utnon
794 2780 880 2844 testie
893 2780 1007 2845 inultus

250 2881 438 2948 Horruen‘m
451 2902 547 2946 voces
561 2880 724 2946 Furiarum
738 2889 772 2944 et
785 2878 869 2947 facta
880 2881 1013 2946 duarum
1023 2880 1037 2945 l

251 2981 345 3059 Nam,
358 2981 493 3067 displosa
506 2990 596 3047 sonat
609 2989 760 3066 quantum
773 2982 887 3059 vesica,
900 2982 1015 3067 pepedi

237 3072 379 3147 'Diffisra
392 3092 465 3146 nate
477 3083 575 3147 licus:
597 3092 629 3146 at
642 3079 713 3145 illae
729 3102 856 3146 currere
871 3082 901 3145 in
916 3081 1036 3146 urbem.

250 3180 402 3246 Canidiae
416 3182 536 3258 dentes,
549 3180 645 3245 altum
660 3182 804 3269 Saganae
819 3182 1010 3247 caliendrum

249 3280 415 3359 Excidere,
428 3292 521 3368 atque
535 3280 657 3358 herbas,
666 3278 764 3367 'atque
775 3282 932 3349 incantata
945 3282 1068 3348 lacertis

249 3380 394 3458 Vincula,
407 3404 480 3447 cum
493 3404 608 3469 magno
622 3384 746 3469 risuque
759 3384 895 3471 jocoque
910 3385 1042 3451 videres.
1063 3470 1067 3479 Δ

597 3845 743 3897 emmens
765 3845 950 3902 READINGS.

148 4035 185 4079 2⁷.
201 4034 661 4099 'ibellmorerfragrnenthasmcrribne
803 4041 839 4089 tt.
855 4040 952 4102 Bentley
966 4042 1051 4107 prefers
1064 4042 1205 4101 nomana
1221 4058 1252 4093 cn
1269 4054 1369 4096 accurat
1385 4050 1406 4095 ol

146 4088 184 4139 82.
198 4089 245 4139 We
264 4096 321 4142 hare
337 4098 403 4156 giren
419 4101 447 4141 ul
465 4112 524 4158 qnae
539 4100 593 4146 with
609 4100 705 4161 Bentley
722 4103 744 4147 in
773 4099 910 4159 abdiderint,
917 4102 1010 4159 arserit,
1017 4101 1063 4149 and
1071 4102 1210 4161 tomam,
1216 4106 1402 4154 whichsucaeed

117 4151 183 4233 place
192 4152 219 4199 ct
228 4154 456 4228 tbeccmnronutptfe.
657 4219 663 4229 Ι
719 4219 725 4231 .
774 4160 819 4207 But
828 4160 865 4206 the
875 4162 996 4233 continued
1005 4161 1182 4209 actimdcaoted
1192 4164 1223 4223 by
1231 4164 1271 4211 tbe
1282 4166 1402 4227 imperfect,

145 4212 184 4257 ³8.
198 4208 293 4283 Bentlcp
302 4213 369 4261 reads
380 4219 460 4263 mam
476 4231 502 4262 m
518 4228 555 4264 we
572 4216 631 4264 hare
639 4232 708 4289 green
717 4227 744 4278 rt,
773 4220 868 4267 necorde
877 4220 950 4268 better
958 4222 1013 4268 wrtb
1025 4221 1062 4267 the
1072 4221 1294 4285 ldeaosadirlcgne
1303 4224 1402 4273 boman

115 4282 147 4315 nn
155 4270 193 4317 the
202 4270 314 4333 authority
322 4272 348 4320 cf
358 4272 425 4322 MSS.
455 4274 537 4323 Others
546 4276 601 4323 read
609 4280 704 4323 emeat.
776 4278 864 4385 Seffora
873 4278 919 4325 antl
926 4280 963 4327 the
973 4278 1055 4328 madre
1066 4280 1093 4329 ct*
1103 4280 1140 4327 the
1150 4279 1218 4329 dead.

102 4328 345 4509 52}aeth
351 4331 443 4391 edition,
457 4332 503 4381 aad
516 4336 565 4383 that
573 4336 600 4384 cl
610 4336 744 4397 Glareanus,
773 4336 902 4456 prm-05¹2:
909 4339 977 4447 aar:
983 4339 1402 4462 Ἠὲἕὲῧᾙέξ
